2956 5018
556 209 792 274 -447-

72 395 228 479 analogia
249 396 435 463 traductum
459 417 532 463 esse
555 397 750 463 conicerent.
781 398 886 480 Quam
909 397 1159 478 explicationem
1181 416 1271 464 recu·

72 503 127 564 sat
149 498 285 565 Homeri
308 500 519 580 consuetudo,
543 499 716 566 dnmmodo
740 504 894 566 accurate
917 500 1156 568 observaveris.

164 641 192 702 1.
216 637 356 720 Legitur
377 638 462 704 enim
483 637 608 720 aliquot
628 638 708 705 locis
716 638 741 724 ¹)
764 637 839 705 fem.
864 639 981 718 πουλύς
1003 658 1064 722 per
1085 658 1121 706 se
1144 639 1272 720 quidem

72 741 161 824 apud
177 741 302 823 epicum
318 747 448 823 poetam
471 741 648 808 offensione
663 742 846 828 vacuum‘)
870 744 928 809 sed
951 744 1134 810 eonomine
1156 745 1272 810 mirum

72 845 160 926 qnod
175 845 262 910 inter
277 863 443 926 perpauca
464 844 522 911 illa
536 845 661 911 somnae
677 851 794 911 auctae
812 847 929 925 πουλύς
945 849 1094 928 exempla
1110 848 1273 915 homerica

72 953 192 1030 quater
213 947 426 1029 quinquiesve
449 948 619 1014 masculini
641 947 745 1014 forma
767 948 913 1015 feminini
935 951 1040 1016 locum
1062 957 1163 1032 tenet,
1186 952 1274 1017 inter

72 1052 176 1118 multa
199 1052 343 1135 volgaris
368 1052 499 1138 norw)
529 1071 571 1118 ne
598 1069 698 1117 unum
728 1053 857 1132 quidem
888 1059 981 1120 extat
1008 1055 1095 1134 quod
1126 1055 1223 1133 πολύς
1245 1073 1271 1121 s.

73 1155 174 1221 πολύν
207 1174 279 1221 cum
312 1155 466 1222 feminino
500 1157 644 1222 iunctum
678 1156 843 1239 habeat.⁴)
890 1157 1056 1222 Mirationi
1090 1176 1174 1238 qnae
1204 1177 1272 1224 rem

72 1260 169 1326 modo
192 1265 405 1327 memoratam
428 1261 680 1341 contemplantis
704 1261 810 1327 animo
838 1261 960 1328 incedit
987 1262 1148 1328 cumulum
1172 1261 1273 1327 addet

72 1362 189 1446 opinor
211 1363 318 1430 altera
340 1364 387 1429 illi
409 1383 496 1430 nnnc
519 1364 724 1430 adnectenda
747 1365 944 1433 observatio.

162 1502 192 1566 2.
223 1501 322 1583 Apud
351 1501 530 1568 Homerum
559 1500 646 1566 enim
676 1505 771 1566 extra
801 1500 989 1568 femininum
1017 1522 1121 1585 genus
1148 1505 1272 1570 nullum

72 1602 198 1670 formae
221 1604 423 1685 diphthongo
445 1602 583 1686 insignis
610 1604 792 1687 exemplum
824 1604 870 1670 ita
900 1605 1021 1690 legitur
1051 1614 1087 1672 ut
1118 1607 1272 1676 adiectivi

74 1707 192 1785 πολλός
234 1707 506 1772 declinamentum
549 1707 733 1773 sententiae
776 1713 888 1790 aptum
930 1708 1130 1776 substituere
1168 1716 1272 1776 metro

73 1817 240 1879 vetemur:
265 1810 351 1891 quod
374 1810 407 1876 in
430 1810 607 1875 masculino
633 1810 750 1888 πουλὺς
772 1811 903 1891 quidem
918 1831 938 1876 a
955 1813 1071 1890 πολλός
1093 1812 1122 1878 si
1144 1813 1271 1895 quanti-

72 1921 177 1982 tatem
200 1919 332 1995 spectas
354 1913 400 1978 nil
423 1913 553 1980 diverso
577 1918 831 1980 consentaneum
856 1919 916 1997 est
940 1917 998 1981 sad
1021 1915 1136 1981 mirum
1161 1935 1272 1997 quam-

73 2019 214 2085 maxime
236 2017 270 2083 in
292 2021 409 2082 neutro
433 2017 519 2097 quod
543 2017 691 2098 quamvis
715 2036 815 2098 saepe
846 2024 997 2085 occurrat
1026 2024 1173 2085 attamen
1196 2038 1272 2084 nus·

74 2142 172 2204 quam
206 2121 343 2187 formam
377 2121 484 2189 vocali
513 2150 532 2185 v
563 2125 694 2186 auctam
727 2121 844 2187 induat
873 2121 935 2187 nisi
967 2151 984 2188 r
1012 2125 1074 2189 387
1111 2122 1166 2188 ubi
1200 2142 1272 2187 cum

74 2233 171 2309 parte
194 2225 339 2291 codicum
364 2224 481 2290 πολλόν
503 2224 602 2289 scribi
623 2228 742 2305 potest.
781 2224 876 2289 Hanc
899 2244 968 2290 rem
990 2245 1054 2291 non
1079 2225 1170 2291 casui
1193 2226 1272 2290 dan-

74 2331 150 2397 dam
173 2348 255 2409 esse,
280 2329 339 2394 sed
361 2333 478 2410 poetas
502 2333 597 2393 erma
619 2325 806 2392 femininum
837 2346 942 2410 genus
965 2333 1096 2394 auctam
1119 2328 1273 2395 adiectivi

74 2434 211 2499 formam
239 2432 352 2498 dedita
381 2451 482 2514 opera
513 2432 656 2499 evitasse
686 2430 762 2495 inde
793 2431 928 2516 colligas
959 2431 1045 2514 qnod
1074 2432 1273 2513 posteriores

74 2537 185 2618 quiin
209 2535 330 2600 talibus
352 2554 471 2603 revera
495 2553 573 2600 casn
596 2533 704 2599 solent
726 2533 808 2601 duce
837 2535 886 2600 uti
907 2536 995 2601 haud
1018 2554 1093 2600 raro
1116 2535 1273 2612 terminos

75 2638 192 2719 quibus
214 2638 349 2703 Homeri
380 2656 458 2704 nens
489 2637 763 2704 circumscribitur
793 2637 929 2719 evagari
959 2637 1116 2705 videmus.
1162 2637 1273 2703 Veluti

73 2742 211 2825 legimus
247 2740 347 2807 πουλῢ
382 2761 453 2807 cum
487 2741 616 2808 nomine
654 2740 741 2820 quod
778 2740 937 2823 singulari
970 2760 1104 2806 numero
1139 2740 1275 2806 effertur

73 2847 218 2911 iunctum
257 2845 345 2926 apud
384 2844 615 2911 Callimachum
656 2843 756 2930 (ἅρμα
795 2845 866 2922 ἔτος
908 2844 1029 2927 οὔνομα
1069 2846 1272 2930 τριπέτηλον)

73 2951 106 3014 iu
145 2949 227 3013 APa
266 2949 377 3034 (δάκρυ
419 2949 490 3026 ἔτος
537 2949 572 3015 τὸ
619 2949 820 3030 λειπόμενοι)
863 2945 974 3029 Quinti
1019 2945 1273 3012 Posthomericis

148 3176 166 3242 ¹)
185 3173 293 3228 πουλὺν
312 3172 358 3243 ἐφ’
380 3174 468 3244 ὑγρήν
486 3180 515 3227 Κ
531 3178 573 3227 21.
593 3173 612 3224 ιλ
629 3176 688 3228 700.
715 3178 781 3246 περὶ
802 3172 826 3224 δ’
846 3173 915 3241 ήερα
933 3170 1042 3225 novitio
1061 3173 1158 3242 ἔχευεν
1179 3175 1272 3223 Ello.

75 3264 145 3334 ήέρα
164 3259 272 3315 πουλὺν
291 3264 388 3330 ἔχευεν
408 3266 431 3316 Θ
451 3266 491 3314 50.
529 3262 598 3334 ήέρα
617 3258 725 3313 novior
748 3260 786 3322 (1.
804 3257 822 3310 l.
848 3257 963 3327 πολλήν)
986 3265 1010 3312 Ρ
1028 3262 1093 3326 000,
1118 3255 1190 3310 unde
1212 3271 1273 3324 prc-

74 3347 152 3402 clivis
176 3355 249 3401 esset
270 3348 389 3415 suspicio
412 3354 440 3401 et
464 3351 570 3402 0149.
593 3346 659 3399 iles.
678 3344 729 3399 Th.
749 3350 764 3396 0
783 3347 844 3412 ήερι
864 3346 953 3417 notin
972 3345 1068 3416 (πολλῇ
1086 3343 1161 3408 libri)
1179 3341 1274 3396 rescri-

75 3433 195 3488 bendum
214 3449 281 3502 esse,
300 3435 352 3488 nisi
365 3433 542 3488 traditionem
561 3439 701 3487 tutaretur
712 3428 814 3484 Kaibel
827 3434 916 3496 alut
936 3432 995 3498 ήέρι
1016 3429 1118 3498 πολλῷ.
1144 3428 1185 3482 De
1205 3431 1273 3498 ήέρα

75 3520 206 3574 feminino
224 3519 260 3575 ci.
278 3521 430 3574 Buttmann
448 3520 523 3575 lexil.
541 3519 554 3573 I
575 3525 633 3575 118.

148 3624 168 3691 ²)
188 3625 283 3679 Nauck
303 3624 367 3678 Mil.
386 3640 507 3692 gmon.
527 3624 554 3676 ll
582 3627 630 3675 180
649 3638 688 3689 sq.
726 3618 763 3672 lV
792 3624 839 3671 101
859 3633 898 3685 aq.
918 3623 978 3671 110.
1015 3618 1056 3671 Lu
1075 3616 1169 3671 Roche
1187 3616 1272 3671 zlou

77 3715 154 3776 mro,
173 3715 233 3764 a1o.

148 3818 168 3885 ⁸)
187 3817 274 3875 πολύς
293 3816 383 3870 πολύν
402 3814 476 3882 apud
494 3814 642 3868 Homerum
662 3810 781 3877 amplius
800 3815 833 3862 00
852 3809 919 3863 locis
938 3809 1073 3877 leguntur.

147 3920 168 3987 ⁴)
186 3918 274 3979 πολὺς
293 3919 318 3972 δ’
337 3920 489 3986 ἅνεκήκιεν
508 3913 582 3987 ἅλμη
603 3937 615 3973 ε
634 3924 685 3970 455
709 3923 750 3970 est
768 3917 925 3972 coniectura
943 3915 1062 3970 Nailckii
1080 3914 1097 3970 l.
1117 3915 1135 3969 l.
1154 3919 1206 3967 420
1223 3913 1273 3968 im·

74 4005 236 4074 probandu;
254 4004 319 4059 libri
338 4007 470 4059 θάλασσα
489 4006 520 4059 ol
539 4006 617 4071 κήκιε
636 4005 731 4070 πολλή,
757 4002 931 4057 Herodianus
949 4002 977 4056 Il
998 4008 1043 4071 18,
1062 4000 1118 4055 aL.
1141 4001 1226 4066 πολλή
1247 4001 1273 4053 δ’

75 4095 227 4160 ἀνεκήκιεν
245 4088 320 4167 ἅλμη
349 4092 421 4147 unda
442 4091 540 4146 Nauck
565 4093 594 4145 in
619 4091 740 4145 editione
766 4085 840 4160 ἅλμη
861 4089 887 4142 δ’
906 4091 1038 4155 α’νεκήκιε
1058 4090 1153 4155 πολλή.
1188 4087 1273 4142 Hero·

76 4179 189 4235 diunum
202 4180 286 4236 alium
300 4179 371 4234 alius
380 4186 480 4246 poetae
490 4177 579 4231 locum
592 4185 658 4232 ante
668 4177 761 4232 oeulos
774 4175 904 4232 habuisse
913 4176 1070 4244 suspicatur
1081 4175 1113 4230 0.
1123 4175 1274 4230 Schneider

75 4266 146 4322 Call.
164 4266 191 4320 11
213 4271 261 4319 158
278 4282 320 4320 nr.
340 4270 391 4319 280
415 4262 451 4318 ad
477 4263 566 4318 Nohn.
584 4263 665 4319 Dion.
684 4263 804 4317 XXXIX
823 4267 874 4317 218
897 4263 996 4329 πολιῆς
1022 4264 1172 4330 ἀνεκήκιεν
1197 4256 1272 4331 ἅλμη

76 4355 139 4423 [Ap.
163 4353 217 4408 Rh.
242 4353 254 4404 l
279 4357 330 4405 ola
355 4350 467 4416 κελαινή
492 4351 587 4415 κήκιεν
606 4344 696 4419 ἅλμη,
721 4352 768 4416 qui
793 4351 863 4405 idem
890 4355 941 4403 880
965 4349 1048 4415 dudm)
1070 4351 1147 4416 κήκιε
1166 4350 1272 4419 λιγνύς,

75 4441 114 4495 lv
134 4446 185 4493 800
203 4439 293 4511 βαρὺν
313 4442 460 4504 ἀνακηκίει
481 4437 583 4506 carpor]
603 4451 761 4504 provocans.
