2986 5010
559 210 793 272 ⁴347-

76 398 262 478 corruptela
301 397 409 462 nescio
448 417 512 477 qua
548 397 709 462 invasisse
752 405 841 461 recte
879 396 1049 475 credatur,
1093 394 1164 459 sive
1201 414 1273 459 cum

76 501 368 582 Schweighaosero
394 499 466 564 οὐδὲ
489 499 678 564 rescribitur
701 500 770 564 siue
797 499 869 583 οὐχί
892 518 965 564 cum
989 498 1202 579 Diodoriio.¹)

164 605 210 668 Ut
232 604 363 668 tandem
387 622 552 684 perorem,
584 602 660 667 mihi
688 604 788 667 verbo
818 600 931 682 μεθῧω
959 622 979 666 a
1006 593 1093 682 ’με’θῠ
1123 600 1273 665 derivato

76 708 257 774 certissime
288 707 490 787 comprobari
520 707 651 772 videtur
673 706 744 772 iure
775 726 826 771 me
849 706 1071 787 productionis
1094 705 1127 770 in
1155 703 1273 769 ceteris

76 813 184 894 (velut
215 811 248 877 in
284 808 410 895 δακρὺω
445 833 465 876 a
500 812 599 895 o'dxpi·
635 812 795 892 profecto)
834 812 1029 893 conspicuae
1064 810 1219 891 originem
1255 829 1273 872 a

75 916 178 982 lirturi
208 917 386 997 aoristique
408 917 441 981 in
471 917 553 980 -ὑσω
581 926 676 981 aimo
708 917 892 982 cadentium
916 916 1068 998 analogia
1091 913 1272 994 repetiisse.

164 1019 370 1099 Insequentis
394 1019 515 1084 aetatis
545 1025 680 1099 poetae,
712 1019 926 1084 Alexandrini
957 1036 1132 1097 eorumque
1162 1033 1272 1080 recen·

76 1123 192 1189 tissimi
209 1141 415 1189 successores
438 1123 492 1203 qui
508 1142 689 1188 sermonem
706 1142 768 1202 quo
785 1128 922 1188 utuntur
944 1123 1106 1203 poeticum
1122 1137 1272 1200 magnam

76 1234 203 1308 partem
226 1226 407 1291 imitatione
431 1227 673 1305 confinxerunt,
704 1246 775 1291 crim
799 1228 840 1291 ab
864 1225 983 1290 Atticis
1014 1225 1116 1289 multa
1139 1223 1274 1304 produci

76 1350 161 1411 quae
184 1332 225 1395 ab
248 1330 390 1394 Homero
414 1337 473 1396 aut
495 1350 658 1410 nunquam
683 1337 742 1394 aut
761 1329 859 1394 certis
883 1334 1009 1393 tantum
1033 1325 1273 1392 condicionibus

76 1437 175 1517 longa
198 1433 303 1500 vocali
324 1434 487 1500 donantur
511 1437 750 1511 observassent,
776 1433 871 1499 facile
895 1454 932 1498 eo
956 1437 1135 1514 potuerunt
1157 1429 1274 1495 deduci

76 1547 114 1604 ut
142 1537 326 1604 homericae
358 1538 602 1603 consuetudinis
633 1537 844 1605 severitatem
876 1536 970 1617 quasi
998 1535 1180 1600 Atticorum
1212 1552 1273 1598 usu

75 1641 203 1709 novicio
233 1646 465 1723 temperarent.
512 1643 583 1725 Quo
614 1643 734 1707 factum
766 1649 817 1706 est
847 1647 940 1706 utet
970 1641 1003 1706 in
1034 1639 1218 1722 prototypis
1242 1644 1276 1703 et

75 1745 109 1809 in
144 1743 393 1810 denominativis
428 1764 533 1825 paene
568 1745 714 1809 omnibus
750 1744 934 1825 praesentis
970 1774 986 1807 t·
1019 1744 1113 1808 modo
1141 1742 1275 1807 Homeri

77 1848 225 1927 exenrplo
267 1847 418 1911 breviare
460 1848 554 1912 modo
598 1847 698 1918 attice
736 1847 920 1929 porrigere,
964 1848 1171 1913 consulentes
1213 1846 1275 1910 bac

77 1950 240 2017 varietate
264 1969 381 2015 versus
404 1950 569 2032 pangendi
596 1951 757 2029 facilitati,
789 1952 964 2030 eliderent,
996 1951 1141 2031 exceptis
1165 1956 1273 2014 tamen

76 2055 109 2119 in
133 2053 321 2119 universnm
350 2072 434 2133 qtrae
462 2054 647 2119 constantia
677 2062 823 2135 tempore
854 2073 917 2119 non
948 2059 1075 2118 mumta
1105 2071 1176 2117 cunr
1207 2051 1272 2133 epi·

76 2157 105 2221 ci
133 2165 201 2222 tum
225 2155 443 2220 Athenienses
475 2162 592 2236 poetae
622 2162 774 2236 correpta
808 2174 937 2237 semper
971 2156 1170 2236 paenultima
1200 2175 1273 2236 pro-

76 2260 228 2325 nuntiare
251 2260 416 2338 solebant,
448 2259 616 2341 praesenti
639 2258 755 2342 altrat)
780 2267 814 2324 et
843 2260 951 2326 verbis
983 2279 1066 2341 quae
1096 2266 1219 2324 exeunt
1240 2259 1272 2324 in

76 2365 221 2448 syllabas
245 2363 326 2428 -vba
357 2364 459 2429 radici
482 2364 665 2445 suffixas32)
696 2383 890 2444 quamquam
920 2364 1092 2429 hincinde
1122 2362 1274 2428 neultra

77 2468 204 2533 Atticos
228 2469 357 2549 quidem
381 2468 580 2548 producendi
608 2468 740 2533 licentia
763 2467 915 2549 progredi
939 2467 1034 2534 veriti
1059 2474 1151 2544 sunt,
1183 2466 1274 2532 velut

76 2572 269 2654 Apollonius
285 2572 430 2638 Rhodius
445 2572 479 2638 in
492 2570 642 2656 ὠρύεται,
660 2572 812 2637 Moschus
827 2572 860 2636 in
874 2569 967 2657 ἠπὺω
983 2572 1076 2651 (Eur.
1090 2575 1141 2635 98.
1160 2570 1273 2652 tabu)

76 2675 243 2756 seqrriores
266 2677 299 2742 in
316 2675 457 2760 dpiopm
483 2695 583 2757 supra
605 2675 777 2756 explicato.
808 2676 926 2742 Utrum
942 2674 1156 2740 Alexandrini
1181 2672 1273 2758 ἤμὺω

149 2831 168 2897 Ι)
189 2831 304 2886 Babriua
323 2832 391 2886 satia
410 2839 539 2886 accurate
557 2848 633 2886 usum
661 2847 724 2885 vere
744 2831 865 2885 Atticum
891 2831 1041 2898 expressit,
1065 2846 1126 2884 cum
1153 2831 1272 2884 δεικνύω

77 2919 176 2986 ὀμνύω
194 2920 261 2985 (ter)
280 2922 352 2972 κλύω
371 2920 435 2985 (lel)
452 2918 552 2987 probo
572 2919 636 2987 (iel)
653 2918 812 2986 corriperet,
833 2918 1005 2984 biotticus)
1024 2919 1079 2969 λύω
1099 2920 1191 2970 a'lloa
1205 2919 1272 2983 (tier)

76 3004 131 3060 'too
151 3003 214 3072 (lei)
233 3007 296 3074 (μύω
316 3009 385 3069 (301)
405 3007 493 3074 ἰσχύω
512 3009 653 3075 καιισχύω
666 3006 761 3074 (biens)
775 3007 871 3058 κωλύω
883 3005 954 3073 (Βθῐς
973 3011 999 3056 rt
1012 3001 1111 3057 κωλῦει
1131 3006 1158 3058 in
1172 3003 1274 3057 sellarii

76 3092 169 3146 claudi
186 3094 263 3147 exitu
281 3094 337 3150 iah.
357 3101 398 3162 99,
418 3100 443 3160 ⁸2)
461 3097 560 3164 parda
585 3094 650 3161 (tel)
673 3094 849 3163 produceret:
876 3110 959 3148 noum
986 3101 1063 3164 ἴσχῡε
1091 3100 1135 3159 la,
1162 3099 1176 3144 6
1201 3089 1274 3158 qood

77 3181 267 3233 contraveniat
286 3179 383 3234 Nauck
401 3181 429 3233 in
449 3184 547 3235 ἔσθενε
571 3179 733 3233 mutandum
758 3194 818 3234 esse
844 3187 944 3234 censet.
981 3179 1079 3233 ἐπῶν
1103 3178 1203 3246 legitur
1221 3177 1273 3231 rite

76 3274 232 3332 correptum
260 3272 284 3331 6,
310 3273 335 3318 8.
372 3266 462 3320 Locos
489 3265 570 3321 facile
594 3267 730 3320 inveneris
755 3265 882 3320 editionis
906 3264 1160 3320 Rutheriordianac
1184 3264 1274 3319 indice

75 3353 219 3407 uerborum
240 3368 312 3407 usus.
352 3354 483 3423 Lycophr.
504 3354 588 3408 habet
608 3353 702 3408 alim
720 3353 826 3426 (ipim.
858 3353 889 3405 ln
910 3351 1139 3421 l‘seudo-Scymni
1158 3351 1273 3405 senariis

77 3439 185 3494 comicis
211 3439 280 3492 nihil
298 3439 370 3507 qarod
389 3439 475 3494 iaciat
494 3439 530 3494 ad
549 3455 606 3494 rem
625 3439 742 3493 inueniri
761 3437 907 3492 dolendum
927 3447 968 3492 est
987 3443 1160 3507 (ᾳυομὲνους
1179 3453 1202 3488 r.
1223 3442 1273 3488 815

76 3526 223 3594 ambiguae
242 3541 386 3581 mensurae
406 3531 471 3594 est).
1097 3510 1100 3517 ¹

148 3613 168 3677 1)
188 3610 259 3665 κλύω
279 3612 419 3667 Endociae
438 3613 546 3667 demum
565 3613 729 3682 admittunt;
748 3630 771 3666 v.
790 3629 874 3680 supra
891 3629 918 3680 p.
938 3618 996 3680 ³32,
1018 3619 1040 3669 1.

148 3703 167 3766 l)
188 3697 379 3767 (areu-ptyade
399 3698 519 3753 delanio)
539 3698 683 3771 κεραννῦω
697 3698 810 3769 ‚illyriae
830 3697 916 3754 ὀλλῖνω
931 3697 1027 3767 darino
1046 3696 1150 3751 habent
1167 3696 1273 3762 comici3

76 3802 191 3855 quorum
212 3794 304 3838 tamen
324 3785 428 3838 nullum
449 3787 642 3854 Aristophanis
661 3787 741 3840 Pluto
760 3787 893 3839 vetustius
916 3801 975 3840 esse
995 3784 1086 3838 docuit
1104 3782 1273 3837 Rutherford
1312 3809 1317 3819 ·

76 3872 113 3927 ad
132 3871 226 3926 Babrii
244 3871 300 3926 fab.
320 3878 389 3938 50,o
410 3872 460 3937 (ed.
481 3887 547 3926 suae
566 3888 592 3939 p.
607 3877 639 3926 53
650 3874 726 3942 eqo),
745 3872 905 3926 Pherecrati
924 3870 967 3938 (ir.
984 3877 1041 3937 113,
1055 3870 1095 3923 ol
1111 3875 1156 3923 181
1166 3869 1210 3936 Κ.)
1222 3883 1273 3935 pro

77 3956 713 4029 ὀμνύουσι111113111ιυί110ὀμνῦασιωᾱιίἰιο.
750 3963 823 4012 Ante
848 3958 920 4011 Pluti
946 3966 1066 4012 aetatem
1091 3972 1174 4010 unum
1194 3955 1273 4010 ‹tubo›

74 4044 194 4108 (α’νῖνιω)
214 4045 333 4098 occurrit
351 4043 423 4112 quod
442 4054 472 4099 ut
490 4043 565 4113 apud
584 4045 744 4113 Euripidem
764 4045 804 4099 bis
824 4045 914 4114 (Herc.
933 4043 986 4099 fur.
1007 4049 1057 4097 625
1076 4043 1136 4111 lph.
1151 4043 1181 4097 T.
1198 4046 1274 4112 1461))

76 4131 189 4199 produci
208 4130 335 4186 videatur
353 4133 509 4201 corruptela
528 4131 644 4187 iactum:
671 4132 799 4193 ἐξανΰειε
827 4134 965 4191 (tarvisio
990 4131 1091 4185 dudum
1111 4132 1139 4185 in
1159 4131 1272 4187 -ariue

77 4227 195 4274 μ(ινῑίῐω
218 4228 341 4275 correcta
366 4225 431 4274 sunt
453 4219 588 4287 (ἐξανῦων
607 4222 668 4274 Tro.
688 4226 747 4273 232.
785 4220 924 4275 sirionem
948 4220 1051 4276 Phoen.
1071 4222 1140 4284 453).
1159 4250 1190 4258 -
1212 4221 1272 4273 det-

76 4312 152 4362 m'or
173 4312 283 4372 t—‘-—'-)
303 4316 330 4360 et
349 4308 449 4362 similia
473 4306 581 4373 (Kaibel
600 4324 640 4361 nr.
660 4314 726 4375 aba,
745 4314 768 4360 8.
801 4307 897 4363 Veitch
917 4324 938 4361 s.
959 4309 1063 4370 τανύω)
1084 4308 1272 4377 imperitorum

76 4403 171 4447 errata
191 4403 262 4448 sunt.

148 4487 170 4547 ⁴)
190 4478 334 4538 citriorum)
353 4482 452 4539 haibel
473 4498 512 4538 ur.
536 4488 609 4551 lora,
630 4487 653 4540 7.
