2956 5018
560 224 798 288 -437-

72 413 293 494 probandam3
325 415 446 478 κίτνται
479 415 563 478 enim
594 416 635 478 ab
667 433 705 478 eo
734 413 994 478 commendatum
1032 433 1096 478 vox
1137 415 1237 480 nihili.
1248 417 1274 500 ¹)

72 516 308 597 Rescripserim
333 536 393 599 ego
417 518 529 582 κέαται
553 519 638 598 qnod
655 518 688 582 in
711 517 829 582 ceteris
845 536 961 583 versus
984 517 1115 582 sedibus
1139 524 1272 600 regnat;

72 639 170 701 quam
201 620 419 686 coniecturam
453 621 594 686 fortasse
629 622 800 686 adstruere
833 620 911 684 licet
943 618 1128 702 fragmento
1160 623 1274 688 Alcaei

72 724 153 788 94ss
178 722 319 806 τᾶρμενα
344 724 475 809 λα’μιιρα
505 725 591 790 κέατ’
616 730 649 790 ἐν
674 727 856 813 Μνφσιλὴφ
879 723 998 808 (κέανί
1022 726 1143 807 Bergk,
1172 727 1273 791 νέοντ’

71 828 208 908 Seidler,
232 830 317 892 κέατ’
335 830 488 911 Abrens).
527 831 576 894 Ne
599 830 723 912 cogites
747 831 788 894 de
811 831 939 912 syllaba
963 830 1105 911 ancipiti,
1131 831 1170 896 os.
1190 832 1272 896 Her-

71 950 170 996 mann
208 933 247 996 el.
284 933 385 997 doctr.
424 941 517 998 metr.
552 936 626 999 597.
683 933 844 997 Produxit
884 933 1136 1013 paenultimam¹
1157 940 1273 1000 contra

70 1035 203 1100 dialecti
232 1037 338 1118 legem
370 1038 495 1121 (κέαται
529 1038 691 1103 Theocrit.
715 1037 832 1101 XXIX
862 1040 882 1101 3
913 1036 1078 1102 indicante
1109 1038 1271 1104 Ahrensio

69 1140 86 1203 I
115 1141 190 1219 147)
214 1142 355 1207 Alcaeus
386 1144 543 1223 deceptus
574 1160 676 1223 pravo
708 1141 762 1221 qni
793 1146 870 1203 tunc
900 1140 964 1205 iam
995 1140 1164 1206 obtinebat
1186 1141 1273 1207 inter

68 1244 248 1309 recitantes
271 1246 405 1312 Homeri
429 1246 573 1312 carmina
600 1265 699 1311 more.
746 1245 808 1328 Qui
839 1263 908 1310 mos
932 1251 966 1309 et
995 1245 1066 1326 ipse
1097 1246 1273 1328 progenuit

21 1326 41 1352 ‘
67 1348 126 1413 illa
151 1350 204 1413 τίω
229 1351 361 1435 φατειός
384 1358 461 1416 cett.
500 1353 702 1434 Quamquam
726 1352 810 1415 hanc
833 1350 874 1414 de
898 1350 1016 1414 Lesbio
1040 1355 1139 1431 poeta
1163 1349 1270 1415 hario-

66 1453 223 1518 lationem
240 1454 343 1536 magis
359 1472 455 1534 qnam
471 1454 690 1520 coniecturam
703 1453 952 1519 incertissimam
968 1474 1041 1519 esse
1057 1474 1121 1519 non
1136 1454 1269 1519 infitior.

155 1559 228 1622 Duo
252 1557 493 1624 diversissimae
509 1557 734 1639 originationis
749 1561 852 1625 verba
868 1566 1021 1624 accurate
1037 1559 1270 1641 distinguenda

67 1680 142 1726 esse
164 1662 197 1726 in
221 1681 369 1727 sermone
393 1661 493 1743 spico,
516 1660 592 1746 ἲφμι
615 1661 663 1744 (<
680 1658 855 1747 *si-renai)
876 1662 967 1743 ἵεμαι
995 1668 1028 1727 et
1042 1661 1158 1745 fiepm
1181 1663 1267 1747 (rad.

67 1767 115 1849 vt)
147 1766 246 1832 evicit
275 1771 352 1830 aute
384 1765 421 1828 L.
451 1767 619 1848 Meyerum
651 1764 734 1849 (ΒΒ.
766 1766 784 1831 Ι
813 1770 878 1833 305
906 1768 969 1851 sq.)
1001 1768 1130 1831 Ahrens
1162 1768 1267 1851 (Oonj.

66 1870 129 1935 aul
158 1898 211 1950 -μι
245 1874 286 1935 24
320 1871 391 1934 coll.
423 1870 579 1953 Beitrdge
613 1891 670 1936 zur
704 1891 752 1953 gr.
785 1892 815 1938 u.
847 1874 905 1939 lat.
937 1873 1047 1955 Etym.
1080 1875 1141 1936 116
1170 1870 1266 1954 sqq.).

65 1974 269 2057 Quantitatis
304 1975 556 2056 discrepantiam
593 2015 632 2023 -
671 1977 844 2062 ἶημι(-αι);
882 1976 998 2059 [ἵεμαι
1031 2015 1070 2022 -
1104 1977 1266 2040 Homerus

64 2077 122 2157 qui
144 2076 230 2141 idem
252 2077 417 2142 luculenta
441 2078 593 2160 digammi
617 2081 758 2161 vestigia
784 2081 817 2145 in
846 2082 908 2145 boc
930 2082 1031 2147 verbo
1062 2078 1211 2144 servavit
1232 2077 1266 2142 in

65 2180 254 2247 universum
278 2181 375 2245 auide
398 2188 508 2261 curat,
540 2201 612 2246 cum
643 2184 841 2248 recentiores
864 2185 962 2248 Iones
984 2183 1017 2247 in
1048 2184 1110 2246 hac
1132 2199 1169 2245 re
1192 2199 1264 2246 cnm

64 2284 247 2349 Atticorum
271 2284 365 2367 usu²)
390 2284 615 2365 conspirantes
638 2286 768 2366 longam
785 2287 930 2352 vocalem
952 2305 992 2350 ex
1013 2285 1104 2367 ἵεμαι
1131 2286 1173 2350 ad
1188 2285 1262 2370 ’ἰημι

64 2387 301 2453 transtulerint.
310 2388 336 2471 ³)
382 2389 498 2452 Verbis
519 2407 603 2468 qliae
628 2389 756 2453 Ahrens
781 2396 814 2453 et
836 2389 874 2453 L.
900 2390 1014 2471 Meyer
1045 2396 1134 2453 recte
1163 2408 1262 2471 agno·

64 2498 184 2558 verunt
214 2491 340 2556 accedit
364 2491 494 2558 tertium
525 2493 616 2558 cuius
640 2493 742 2558 solnm
766 2491 907 2558 fortasse
937 2493 1143 2574 participium
1167 2512 1259 2574 prae-

62 2593 167 2658 sentis
191 2601 333 2658 aetatem
362 2594 496 2659 tulitin
528 2602 619 2661 certa
648 2596 789 2676 quadam
819 2595 973 2676 loquendi
1001 2595 1154 2678 formula3
1187 2617 1262 2662 uam

63 2700 218 2783 παντοίην
242 2697 292 2763 ὄπ’
314 2696 415 2762 irioni
441 2698 519 2764 HoS.
541 2700 662 2781 Tlleog.
677 2703 750 2782 830,
776 2698 960 2784 ἀμβροσίην
984 2698 1034 2765 ὅντ’
1059 2700 1158 2764 ἱεῖσαι
1181 2701 1213 2764 ll.
1230 2701 1260 2764 h.
1290 2733 1293 2739 ·

60 2802 177 2867 XXVI
188 2806 226 2868 18
236 2822 307 2868 cum
320 2810 397 2868 noto
406 2804 506 2869 verbo
517 2800 592 2888 ἵημι
605 2800 756 2885 c'oniungi
764 2822 958 2883 qllonlqualu
968 2802 1046 2867 sinit
1057 2804 1261 2888 sententia‚⁴)

60 2911 209 2971 attamen
239 2906 343 2971 forma
371 2912 473 2973 vetat.
517 2906 594 2991 ‘iqpr
624 2907 708 2971 enim
738 2907 772 2971 in
803 2924 951 2972 semione
982 2906 1146 2988 epicorum
1175 2908 1260 2990 aspi·

60 3008 198 3074 rationis
221 3008 471 3091 tenacissimum,
504 3010 595 3075 errius
618 3012 665 3076 rei
696 3012 915 3077 testimonium
939 3010 1050 3077 defero
1075 3011 1261 3093 compositis

60 3111 232 3177 homericis
264 3111 353 3199 ἀφίει
385 3112 518 3197 (-ιεῑσαι
548 3116 655 3199 -ἐφκεν
684 3122 776 3200 -ἦκεν
807 3118 899 3202 -ἑτφν
930 3117 981 3206 -ίῃ
1013 3115 1095 3201 -είφ)
1125 3117 1258 3201 ἐφέηκεν

61 3221 168 3302 (ἡκεν
191 3218 256 3302 -είφ
281 3219 423 3299 -ιέμενος
447 3219 588 3304 -ήσομαι
611 3245 662 3296 -ες
685 3219 783 3305 -ετμὴ
803 3220 981 3306 -φμοσύνφ)
1004 3220 1136 3302 μεθίετε
1160 3218 1259 3309 (-ίῃσι

60 3321 168 3401 -ιὲμεν
183 3321 289 3386 -ιίντα
307 3321 399 3403 -ἑμεν
416 3322 505 3407 -ἡσει
522 3322 636 3408 -ἡσετε
653 3322 761 3408 -ἤειων
781 3324 960 3409 pandrina)
985 3327 1114 3388 καθίετε
1131 3323 1257 3408 (-ε’φκα)

59 3423 178 3504 quibus
216 3424 376 3490 accedunt
409 3444 449 3490 ex
483 3426 627 3491 Hesiodo
663 3427 799 3512 ἐφίεσαν
832 3426 928 3512 -ετμὴ
967 3428 1075 3491 καθίει
1111 3426 1256 3511 μεθήσω.

59 3527 146 3611 Quid
168 3526 217 3592 rei
240 3526 283 3592 sit
304 3528 476 3612 intelleges
500 3530 528 3594 si
551 3550 662 3596 eorum
684 3530 867 3596 memineris
896 3549 980 3610 quae
1008 3551 1039 3612 p.
1064 3533 1125 3595 ‘211
1144 3549 1191 3610 sq.
1216 3529 1257 3594 de

134 3703 152 3764 ¹)
170 3706 284 3754 κείινται
305 3701 439 3766 singulari
458 3710 556 3756 νέαται
572 3705 625 3759 rite
644 3704 836 3772 responderet3
855 3712 885 3758 at
904 3703 984 3757 huius
1003 3703 1150 3771 singularis
1168 3718 1256 3770 neque

58 3786 134 3853 apud
153 3785 300 3841 Homerum
320 3787 405 3842 ullum
425 3799 544 3856 apparet
556 3791 698 3858 vestigium
719 3791 825 3846 etfides
845 3792 955 3845 omnino
968 3800 1095 3857 suspecta
1114 3790 1256 3859 (Wacker-

57 3876 140 3943 nagel
160 3875 230 3930 Phil.
249 3878 318 3933 Ana,
341 3880 414 3942 1881,
434 3881 506 3946 230).

130 3964 152 4030 ²)
171 3963 268 4016 Nauck
287 3962 386 4019 Philol.
400 3963 440 4016 XI
459 3969 508 4017 tol
522 3979 561 4032 sq.
581 3965 646 4018 Mel.
660 3981 700 4033 gr.
719 3982 787 4021 rom.
807 3965 833 4018 ll
848 3972 906 4019 541.
932 3963 1107 4018 Consuetudo
1126 3961 1255 4029 loquendi

56 4065 121 4105 vere
141 4051 226 4104 attica
243 4048 451 4116 productionem
469 4049 598 4117 flagitare
616 4051 735 4121 videtum
755 4052 803 4108 sed
822 4061 921 4121 poetae
940 4053 1070 4107 libertate
1088 4049 1207 4119 quadam
1227 4051 1255 4104 in

56 4139 111 4192 hac
130 4153 159 4191 re
177 4144 307 4204 utuntur,
331 4137 360 4189 in
384 4151 449 4190 voce
472 4138 635 4203 praesertim
662 4156 732 4207 quae
757 4141 849 4196 multis
868 4141 934 4197 locis
953 4140 1027 4209 apud
1046 4141 1136 4206 epicos
1155 4138 1254 4192 initiali

56 4224 205 4293 legebatur
222 4228 357 4289 correpta.

129 4310 150 4377 ⁸)
168 4308 276 4368 ξυιῖετε
295 4308 452 4363 Archiloch.
472 4315 514 4377 50,
536 4315 557 4362 l.
578 4339 609 4348 —
630 4310 804 4365 Contrarium
823 4313 923 4368 accidit
942 4316 1006 4370 iles.
1020 4315 1093 4369 Scnt.
1107 4317 1155 4366 tol
1173 4312 1253 4370 irruo

56 4408 135 4452 τιιειν
154 4385 226 4464 qnod
246 4396 380 4450 Homerus
399 4395 580 4464 produxisset.

62 4545 65 4552 ,
129 4490 149 4549 ⁴)
169 4483 210 4539 cl.
230 4489 326 4538 rma
348 4488 445 4543 5151.
