2956 5018
683 213 920 276 -412÷

200 402 392 467 terminetur
414 421 478 467 non
502 402 592 467 casui
616 402 759 467 dandum
789 403 846 468 sed
877 401 1018 466 diaeresi
1049 400 1124 465 huic
1150 401 1222 464 loco
1253 400 1397 482 legitime

199 521 374 569 concessae
405 503 610 569 tribuendum
639 504 788 570 existimo
818 503 1011 585 praesertim
1043 521 1115 568 curn
1147 508 1224 583 post
1253 504 1396 570 eiusdem

200 608 293 689 pedis
323 608 411 673 arsin
442 613 570 674 tantum
601 609 674 674 ilel
705 616 739 674 et
767 609 800 673 id
834 609 1025 690 plerumque
1056 608 1234 673 accedente
1266 608 1398 674 elisione

203 750 242 758 —
266 712 357 778 cuius
388 712 453 779 vim
476 713 597 794 optime
620 712 699 794 ipsis
723 713 864 779 Hartelii
891 712 1001 779 verbis
1028 713 1191 778 illustres:
1218 713 1307 779 ‘Man
1331 734 1399 780 war

201 835 244 882 an
274 816 401 882 solober
430 815 531 880 Stelle
565 815 618 880 die
648 815 743 880 Kluft
772 814 862 880 nicht
895 834 935 881 zu
963 814 1148 896 erweitern,
1184 815 1329 881 sondern
1359 836 1398 882 zu

201 921 424 987 iiberbrliolren
455 920 598 984 berullht'
624 958 674 999 -,
706 924 782 1000 post
804 920 981 985 secundum
1008 920 1197 985 trochaeum
1226 919 1297 984 lies
1327 939 1398 985 sen-

200 1026 324 1092 tentiae
353 1028 501 1093 clausula
523 1027 730 1108 admittatur,
761 1024 1016 1092 trithemimeren
1047 1043 1112 1105 qua
1139 1028 1255 1088 contra
1287 1024 1399 1090 243133

201 1131 372 1197 enuntiata
399 1131 595 1197 clauduntur
621 1130 740 1198 iustam
771 1151 941 1199 caesuram
965 1148 1038 1196 esse
1068 1129 1155 1195 inter
1178 1147 1293 1194 omnes
1324 1148 1397 1195 con·

200 1235 300 1302 venit.
357 1235 538 1301 interstitio
574 1236 662 1302 vocis
696 1237 783 1318 qnod
820 1234 1005 1301 recitationi
1038 1233 1108 1299 sine
1142 1233 1238 1299 metri
1280 1232 1398 1298 damno

200 1338 340 1405 diaercsi
363 1338 512 1404 adfertur
535 1338 743 1404 antecedenti
765 1339 912 1422 syllabae
935 1336 1043 1419 brevi,
1074 1336 1102 1402 si
1125 1336 1231 1401 minus
1262 1355 1397 1417 moram,

200 1448 235 1508 at
257 1460 367 1507 morae
391 1447 480 1508 certe
503 1442 697 1523 particulam
721 1443 798 1508 addi
814 1462 910 1525 posse
934 1447 1189 1508 consentaneum
1210 1451 1276 1524 est3
1302 1461 1398 1521 quam

200 1545 393 1627 particulam
408 1545 485 1612 licet
500 1565 564 1611 non
588 1546 620 1611 in
636 1546 709 1612 aliis
724 1546 861 1628 pedibus
877 1547 932 1628 qui
947 1546 1055 1612 thesin
1070 1546 1241 1626 requirant
1263 1544 1396 1624 iustam,

202 1656 312 1714 tamen
335 1649 368 1714 in
391 1649 471 1730 ipsis
495 1669 648 1717 versuum
670 1650 771 1716 initiis
794 1651 848 1716 ubi
871 1650 1011 1731 aliquem
1034 1649 1129 1714 metri
1156 1647 1321 1713 delectum
1347 1647 1398 1712 vel

203 1751 331 1817 minime
355 1753 572 1820 animadverti
602 1759 733 1820 constat
761 1756 814 1822 vel
844 1754 995 1820 facillime
1018 1752 1115 1835 ferri,
1147 1771 1219 1818 curn
1249 1751 1399 1834 syllabae

202 1856 294 1923 brevi
317 1858 462 1939 accedat,
486 1858 571 1923 thesi
595 1859 776 1940 explendae
803 1859 975 1925 hincinde
998 1858 1144 1924 sufficere
1165 1856 1311 1924 valuisse
1334 1874 1398 1920 nou

201 1968 357 2031 absonum
381 1986 401 2031 a
423 1965 653 2048 probabilitate
675 1963 792 2030 iudico.
828 1963 887 2029 Cui
908 1962 1026 2029 iudicio
1050 1961 1142 2030 favet
1157 1961 1293 2027 Homeri
1309 1979 1397 2026 usus.

201 2072 284 2136 Nam
307 2070 445 2136 debilem
469 2069 575 2134 thesin
599 2086 683 2148 quae
706 2067 775 2132 solo
800 2093 816 2131 ν
839 2064 1053 2152 ἐφελκυστικῷ
1073 2068 1231 2144 sequente
1255 2082 1398 2129 consona

200 2172 317 2238 initiali
340 2171 498 2237 efficiatur
521 2170 648 2236 admitti
671 2170 800 2250 quidem
816 2175 851 2234 et
873 2168 945 2234 aliis
960 2169 993 2233 in
1017 2167 1148 2234 sedibus
1172 2167 1220 2251 (in
1236 2168 1272 2231 II
1290 2167 1396 2249 38133,

200 2276 233 2340 iu
257 2276 305 2340 IV
327 2275 409 2361 bis),
438 2275 496 2341 sed
523 2274 651 2340 admitti
675 2273 819 2340 crebrius
846 2273 880 2339 in
910 2273 1015 2355 prima
1046 2271 1192 2358 (illies)
1224 2272 1398 2337 adnotavit

200 2378 331 2444 Bekker
353 2379 374 2443 l.
397 2379 418 2443 l.
443 2378 546 2463 (Butb
568 2378 684 2443 Philol.
708 2377 858 2443 XXXIX
881 2378 942 2442 551
958 2376 1042 2462 sqq.)
1067 2382 1101 2441 et
1122 2377 1241 2442 breves
1265 2375 1397 2442 vocales

199 2483 232 2547 in
250 2501 330 2562 quas
343 2482 503 2548 vocabula
516 2482 668 2548 desinant
683 2487 774 2547 muta
795 2501 867 2547 cum
882 2481 1007 2562 liquida
1021 2481 1055 2546 iu
1071 2479 1178 2545 fronte
1193 2479 1397 2560 insequentis

200 2585 349 2653 vocabuli
383 2585 498 2667 positis
528 2584 597 2651 fere
626 2604 691 2651 non
726 2585 860 2667 produci
890 2585 952 2650 nisi
984 2584 1018 2650 in
1048 2583 1153 2665 prima
1183 2583 1268 2648 tbesi
1300 2583 1398 2650 evicit

200 2690 317 2755 Hartel
350 2690 371 2754 l.
401 2691 423 2755 l.
455 2692 496 2754 85
527 2707 596 2769 sqq.
646 2687 683 2769 Si
718 2688 803 2754 eninr
842 2688 1026 2770 seposueris
1060 2707 1144 2769 quae
1180 2687 1293 2768 utique
1332 2689 1398 2754 sint

200 2794 389 2874 seponenda
424 2832 464 2840 —
498 2793 586 2858 locos
621 2793 691 2859 dico
726 2792 781 2858 ubi
811 2792 963 2858 recitanti
998 2820 1014 2857 ν
1048 2794 1276 2880 §peraequatis
1306 2795 1398 2861 velut

199 2897 336 2962 fulcrum
360 2898 532 2963 adsumere
554 2897 675 2963 licebat
698 2904 735 2964 ut
757 2903 785 2963 P
804 2901 867 2965 613

581 3013 665 3075 ἤλυθε
685 3017 733 3063 καί
751 3011 819 3079 κάν)
841 3017 930 3083 Τρωσὶ
951 3052 956 3063 .
977 3052 982 3063 .
1003 3051 1009 3065 .

198 3106 285 3170 haud
309 3124 403 3171 secus
427 3113 525 3186 atque
548 3105 620 3171 illos
651 3106 705 3187 qui
735 3107 858 3172 habent
889 3105 928 3171 τὰ
953 3112 1081 3190 πρώτα,
1114 3105 1149 3173 τὸ
1184 3114 1327 3190 πρῶτον,
1362 3109 1396 3175 τὸ

201 3210 363 3295 πρόσθεν,
396 3208 432 3275 τὸ
462 3211 536 3296 πρὶν
566 3210 671 3292 prima
698 3211 874 3293 producta,
905 3232 981 3278 narn
1011 3213 1092 3278 talia
1119 3213 1214 3278 unius
1246 3215 1399 3280 vocabuli

201 3314 303 3381 vicem
326 3320 440 3380 tenent
463 3334 524 3382 nec
547 3315 678 3382 diversa
702 3321 778 3380 sunt
801 3317 887 3396 quod
910 3318 952 3382 ad
982 3317 1167 3399 prosodiam
1191 3337 1212 3382 a
1236 3318 1398 3402 ηάτρεσσι

201 3418 321 3502 πατρός
352 3439 487 3500 quorum
518 3420 647 3503 syllaba
675 3419 809 3485 initialis
836 3420 978 3486 Homero
1009 3439 1137 3502 semper
1165 3421 1265 3504 longa
1290 3423 1398 3487 estin

199 3522 284 3586 thesi
306 3542 371 3588 non
394 3523 499 3589 minus
523 3542 618 3604 quarn
642 3523 675 3588 in
699 3523 764 3610 arsi
790 3562 829 3570 -
854 3524 881 3589 si
907 3524 1009 3607 igitur
1031 3525 1112 3591 haec
1135 3544 1206 3591 cum
1238 3524 1398 3592 similibus

199 3626 399 3708 seposueris,
433 3627 581 3694 invenies
612 3626 749 3694 debilem
779 3628 867 3694 illam
898 3628 1142 3710 productionem
1174 3629 1256 3695 satis
1287 3629 1399 3696 facere

199 3729 323 3810 primae
353 3732 438 3797 thesi
468 3733 559 3799 37ies
588 3733 726 3818 (bibes),
758 3733 921 3799 secundae
954 3733 1042 3798 13ies
1073 3732 1194 3819 (teies)
1203 3732 1228 3819 ¹)
1259 3735 1320 3799 sed
1350 3734 1398 3801 ita

199 3840 236 3898 ut
268 3834 365 3917 longe
402 3836 548 3917 plurimis
582 3835 661 3901 locis
694 3835 832 3901 imitatio
871 3837 1031 3916 quaedam
1066 3836 1202 3903 aliorum
1241 3856 1398 3903 versuum

199 3941 332 4005 subesse
360 3939 514 4007 videatur
536 3941 590 4007 ubi
621 3940 790 4023 productio
819 3940 882 4005 rite
906 3940 1055 4006 excusari
1083 3941 1225 4024 queati)
1257 3948 1398 4022 quartae

270 4131 289 4193 ¹)
309 4128 393 4182 Ornisi
409 4149 427 4198 χ
447 4134 497 4181 393
517 4128 597 4199 (ὄρσο
617 4127 698 4199 γρηῢ)
717 4142 800 4194 supra
818 4143 845 4195 p.
866 4134 923 4196 118,
943 4133 958 4180 2
977 4135 1136 4183 correctum.

270 4217 289 4282 ⁹)
309 4236 325 4268 ν
344 4220 394 4268 298
413 4213 434 4268 ὠ
453 4215 522 4286 φίλ’,
542 4219 605 4269 ἐπεί
617 4232 648 4270 σε
662 4217 760 4288 πρώτα
773 4256 778 4267 .
793 4255 799 4268 .
814 4255 820 4268 .
837 4220 929 4272 Alit.
949 4221 1030 4270 71409
1045 4215 1072 4287 [ρ
1088 4214 1150 4284 393]
1163 4215 1241 4282 quasi
1255 4216 1292 4270 ad
1305 4232 1398 4271 exem·

199 4301 273 4367 plum
288 4316 412 4354 versuum
432 4294 676 4367 Αθέξοῦδῆιὰ
698 4294 1214 4375 πρώτα...,Ν619ιίλλ’ἕχενῇτὰ
1236 4304 1398 4370 πρῶτα...

197 4392 230 4451 (Ρ
249 4392 308 4444 812.
338 4395 366 4441 ψ
388 4391 447 4444 rte.
472 4391 530 4444 52³.
554 4393 614 4455 538)
641 4388 683 4443 vel
710 4387 837 4442 similium
865 4388 912 4456 qui
938 4393 1057 4442 aetatem
1086 4405 1139 4444 non
1168 4387 1293 4445 tulerunt
1321 4392 1399 4448 lacti.

198 4473 273 4528 Idem
293 4474 367 4530 valet
386 4474 454 4529 dur
477 4480 524 4528 133
547 4499 572 4520 κ
594 4480 688 4534 Aaou
709 4477 727 4529 d
745 4482 784 4531 13.
807 4482 854 4530 139
867 4482 983 4546 cett.,Z
999 4483 1038 4534 33.
1059 4483 1089 4532 H
1107 4483 1138 4530 at
1159 4478 1246 4532 simm.
1267 4504 1296 4525 ω
1317 4486 1398 4539 Ate.
