2940 5026
688 177 925 240 -138-

209 366 282 432 οὔτε
305 367 450 454 ῥήματος
473 368 620 450 βιάζεται
647 367 720 443 τοὺς
735 365 871 450 χρόνους
896 366 968 432 οὔτε
987 368 1217 452 μετατίθησιν·
1244 364 1315 430 ἀλλ’
1340 369 1404 443 οἵας

209 474 388 558 παρετληφε
412 478 450 562 τῇ
473 472 569 559 φύσει
597 470 654 549 τὰς
686 468 847 553 συλλαβὰς
875 469 932 547 τάς
956 496 990 535 τε
1012 468 1140 554 μακρὰς
1163 470 1221 534 καί
1245 467 1303 546 τὰς
1326 475 1403 554 βρα-

207 579 315 660 χείας,
352 578 506 655 τοιαύτας
537 576 706 664 φυλάσσει.
755 573 773 661 ἦ
806 572 840 639 δὲ
870 571 1009 661 ῥυθμικηι
1041 575 1098 638 κατ’
1127 571 1272 660 μουσικὴ
1308 601 1404 656 μετα-

208 682 381 764 βάλλουσιν
420 681 521 760 αὕτὰς
557 687 708 765 μειοῦσαι
747 679 801 743 κατ’
835 677 1010 758 αὔξουσαι,
1050 677 1132 744 ὥστε
1172 679 1329 756 πολλάκις
1367 683 1406 756 εἰς

209 786 364 854 τάναντία
386 800 598 872 μεταχωρεῖν.
631 783 667 850 οὐ
695 782 756 869 γὰρ
781 795 853 861 ταῖς
880 791 1058 866 συλλαβαῖς
1081 783 1307 849 &usvairpam
1338 783 1406 863 τοὺς

207 892 353 977 χρόνους,
379 891 459 959 ἀλλὰ
483 907 550 971 τοῖς
573 891 701 978 χρόνοις
726 889 783 966 τὰς
808 887 979 970 συλλαβάς.

296 998 402 1080 Igitur
424 1000 452 1065 si
468 1005 599 1065 certant
620 999 792 1081 rhythmus
809 1004 843 1063 et
865 995 1030 1063 sohemnis
1054 994 1205 1061 vocabuli
1230 994 1405 1075 quantitas,

208 1103 263 1168 ille
298 1103 446 1185 superior
478 1104 628 1186 discedit,
664 1105 760 1184 haec,
795 1101 944 1184 quamvis
979 1099 1136 1166 sermonis
1171 1099 1407 1165 consuetudine

209 1208 429 1289 obstrepente,
453 1207 666 1273 mutationem
689 1209 786 1275 subit.

296 1327 386 1393 Idem
419 1326 593 1407 aliquando
622 1327 656 1393 in
687 1327 788 1410 epicis
818 1328 1015 1394 carminibus
1045 1327 1195 1395 evenisse
1232 1328 1333 1392 testis
1363 1333 1408 1392 est

208 1433 332 1498 tradita
354 1433 468 1498 horum
492 1431 669 1497 carminum
693 1432 813 1499 forma:
845 1434 1028 1501 invenimus
1052 1433 1136 1498 enim
1154 1433 1232 1514 ,fere
1255 1432 1290 1496 in
1316 1443 1406 1497 voca·

209 1537 293 1603 bulis
317 1557 451 1618 quorum
475 1556 660 1602 mensuram
683 1538 850 1620 uolgarem
875 1559 991 1607 versus
1015 1545 1213 1621 aspernatur
1239 1567 1266 1604 ει
1284 1538 1406 1622 (recen

209 1643 293 1708 tiore
316 1648 427 1708 aetate
451 1663 471 1707 a
494 1643 591 1709 solita
614 1643 851 1726 depravatione
867 1664 931 1710 non
955 1645 1060 1727 magis
1083 1651 1190 1710 tutum
1214 1663 1316 1724 quam
1333 1642 1407 1708 illud

212 1773 236 1811 a
266 1747 351 1827 quod
378 1754 430 1813 est
456 1748 623 1815 vocabulis
655 1750 750 1836 φύσει
779 1749 927 1832 insitum;
966 1750 1006 1816 cf.
1039 1753 1068 1816 ἰν
1094 1749 1183 1839 Ἀίδῃ
1212 1748 1305 1814 infra
1336 1748 1406 1814 affe·

210 1852 361 1938 rendum)
392 1873 434 1920 ex
458 1881 484 1933 ε,
516 1881 552 1920 ου
582 1875 623 1921 ex
654 1884 671 1919 ο
698 1855 890 1937 productum
915 1856 1129 1937 —exempla
1159 1854 1312 1936 porriget
1341 1853 1407 1935 ipsa

211 1975 306 2037 quam
337 1957 427 2041 leges
457 1959 685 2024 commentatio
719 1979 778 2025 suo
809 1959 960 2040 quodque
989 1959 1060 2024 loco
1089 1957 1215 2024 inserta
1240 1996 1292 2038 -,
1327 1958 1407 2023 unde

210 2061 395 2127 necessario
418 2067 668 2128 consectaneum
692 2068 752 2143 est,
777 2069 815 2129 ut
835 2064 934 2130 etiam
956 2064 989 2128 in
1014 2062 1178 2140 ἀθάνατος
1201 2061 1405 2145 ὑλακόμωροι

210 2167 403 2247 μετεκίαθον
433 2166 505 2231 aliis
536 2186 620 2249 quae
645 2170 758 2234 horum
789 2167 907 2234 simiha
937 2175 1030 2250 suut,
1062 2168 1163 2234 sicubi
1193 2168 1324 2248 priores
1347 2168 1405 2250 syl·

210 2270 304 2333 labae
328 2269 360 2334 in
386 2270 533 2336 versibus
557 2272 680 2355 dactyli
711 2271 851 2356 (άθανα-
877 2272 1007 2358 itane)
1030 2277 1089 2339 aut
1111 2271 1287 2352 anapaesti
1319 2272 1404 2356 (per-

212 2374 291 2457 eae-l
325 2374 428 2440 vicem
464 2376 613 2458 explent,
649 2377 779 2443 vocales
814 2377 849 2461 (ᾱ
879 2388 891 2441 i
920 2377 952 2462 d)
987 2381 1100 2442 contra
1133 2375 1290 2457 loquendi
1321 2376 1405 2459 leges

210 2478 403 2544 recitatione
434 2481 568 2562 produci
595 2502 769 2549 sumamus.
816 2483 887 2547 Hoc
916 2501 958 2546 ne
987 2485 1101 2546 contra
1131 2479 1310 2546 veritatem
1337 2499 1404 2546 con·

211 2583 371 2648 eludendo
395 2582 539 2650 effecisse
563 2605 747 2667 arguamur,
776 2592 907 2652 carrtum
931 2592 983 2651 est
1004 2585 1136 2651 fortuna
1158 2585 1304 2668 benigna
1329 2603 1405 2666 quae

212 2686 403 2769 Quintiliani
437 2688 478 2752 de
508 2690 637 2754 nomine
668 2689 786 2755 Italiae
819 2689 847 2773 (t
877 2689 909 2754 in
944 2709 1042 2772 prosa
1076 2688 1237 2770 oratioue,
1274 2700 1287 2753 a
1324 2687 1404 2771 apud

213 2791 335 2876 epicos)
344 2792 369 2876 ¹)
393 2793 571 2860 Herodiaui
594 2795 635 2859 de
658 2793 821 2872 ἀθάνατος
840 2793 1055 2860 Choerobosci
1077 2795 1117 2858 de
1134 2795 1305 2879 Σικελίδης
1328 2812 1405 2875 quae

212 2893 297 2958 inira
311 2894 491 2961 exscribam
503 2897 689 2964 testimonia
704 2899 796 2966 nobis
809 2898 1010 2966 adservuvit.
1035 2898 1081 2964 Ut
1093 2925 1106 2963 ε
1120 2903 1154 2963 et
1167 2925 1183 2962 o
1195 2898 1405 2979 productione

212 2997 347 3063 metrica
371 2999 488 3064 affecta
509 3001 543 3066 in
567 3030 594 3067 ει
617 3009 652 3068 et
668 3032 713 3084 ου,
737 3024 801 3071 non
817 3005 855 3070 in
877 3035 894 3090 q
917 3010 952 3069 et
967 3031 992 3068 ω
1015 3003 1152 3084 abirent,
1175 3002 1253 3068 inde
1276 3001 1405 3081 factum,

212 3103 298 3183 quod
329 3123 411 3170 aevo
442 3107 621 3174 vetustiore
645 3137 670 3173 ω
693 3130 766 3175 cum
799 3138 831 3189 0,
868 3140 886 3195 η
917 3128 989 3174 cum
1021 3136 1035 3173 ε
1067 3127 1132 3172 non
1156 3107 1251 3173 modo
1282 3107 1405 3187 quanti·

182 3213 282 3272 ·tate
312 3209 371 3273 sed
402 3209 500 3275 etiam
530 3213 689 3291 qualitate
717 3215 949 3295 discrepabant
971 3219 1005 3278 et
1029 3213 1144 3278 eadem
1168 3231 1303 3293 prorsus
1328 3211 1406 3277 ratio

212 3311 299 3377 inter
323 3339 336 3376 ε
360 3319 394 3378 et
418 3341 461 3394 ει,
495 3343 511 3379 o
534 3322 568 3381 et
592 3343 628 3382 ov
653 3317 878 3385 intercedebat
907 3337 991 3398 quae
1018 3317 1105 3383 inter
1128 3326 1148 3382 ᾰ
1172 3322 1206 3381 et
1229 3326 1261 3397 a,
1285 3325 1299 3381 ῖ
1328 3323 1363 3382 et
1384 3324 1405 3392 ῑ,

212 3423 287 3485 oet
311 3428 338 3484 a.

299 3543 511 3626 Argumentis
535 3563 618 3624 quae
642 3543 738 3609 attuli
761 3546 932 3625 probatum
950 3550 1009 3625 est,
1034 3545 1061 3610 si
1077 3544 1190 3610 'minus
1210 3545 1276 3610 iam
1300 3554 1405 3624 autea,

181 3730 183 3734 v
213 3654 359 3713 attamen
389 3648 509 3713 iudea
539 3653 655 3729 quarto
686 3655 775 3715 certe
806 3650 936 3715 saeculo
964 3671 993 3714 a.
1019 3649 1148 3714 Cluen
1174 3650 1407 3730 —quominus

213 3753 297 3818 enim
322 3751 458 3817 termino
483 3751 578 3816 ahter
607 3753 783 3818 constituto
807 3752 943 3818 inferius
966 3753 1212 3832 descendamus,
1237 3753 1408 3833 prohibent

212 3859 285 3940 ipsa
307 3859 363 3923 illa
387 3887 412 3923 a
444 3864 479 3923 et
502 3885 538 3922 ov
569 3877 609 3924 en
634 3886 648 3922 ε
672 3864 706 3924 et
730 3886 745 3923 ο
773 3862 853 3922 nata
877 3856 1103 3936 -Graecos,
1134 3856 1190 3920 ubi
1216 3855 1305 3922 inter
1336 3875 1406 3938 poe·

213 3971 320 4029 tarum
351 3967 453 4031 verba
485 3962 689 4028 offenderent
719 3982 853 4042 quorum
884 3961 1029 4043 volgaris
1059 3979 1213 4025 mensura
1244 3980 1264 4024 a.
1295 3978 1408 4026 versus

213 4058 364 4149 rhythmo
402 4068 607 4147 abhorreret,
646 4068 728 4132 haec
765 4065 924 4131 vocabrda
960 4064 1008 4130 ita
1046 4063 1259 4145 pronuntiare
1298 4065 1408 4130 solitos

286 4293 305 4357 ¹)
332 4291 428 4343 Procul
457 4291 538 4346 dubio
567 4294 683 4348 Romani
715 4311 792 4348 suurn
824 4282 905 4346 I'tah'a
938 4306 953 4344 a
984 4304 1082 4358 graeco
1101 4287 1204 4342 Ἰταλία
1233 4290 1409 4356 repetierunt,

214 4377 286 4446 quod
304 4378 420 4445 primum
440 4380 547 4435 invenio
565 4382 593 4434 iu
613 4381 755 4448 Hermippi
774 4379 868 4434 comici
887 4377 1062 4432 hexametris.
1092 4376 1133 4431 cf.
1146 4373 1245 4429 Kaibel
1264 4393 1307 4430 nr.
1323 4379 1408 4441 ΜΗ

215 4471 327 4532 Εἰταλὶη
347 4467 375 4535 (i.
395 4462 491 4533 e.²lr.).
