2986 5010
579 226 815 290 -323-

96 417 141 482 ad
156 416 375 482 coniecturam
391 414 621 495 nequissimam
637 413 802 497 (ἔμπνυτο
827 416 965 494 ἐμπνοῦς
981 415 1104 497 ἐγένετο
1119 413 1170 479 La
1185 415 1295 481 Roclte

96 521 192 587 Hom.
216 519 351 585 Textkr.
380 518 464 602 190).

184 623 322 688 Formas
352 622 439 687 inter
471 639 507 687 se
538 621 646 702 specie
677 619 857 685 simillimas
892 639 1028 700 quarum
1059 621 1158 688 nihilo
1193 622 1296 688 setius

97 729 189 794 nulla
210 727 248 792 iit
277 725 475 806 permutatio
499 743 540 789 eu
563 725 677 790 eodem
705 723 795 789 fonte
826 724 956 809 (πνέρω)
987 726 1179 806 provenisse
1208 726 1296 791 haud

97 831 194 897 facile
216 829 294 895 mihi
324 828 553 910 persuaserim.
599 827 744 911 Segrego
775 828 876 909 igitur
898 829 940 893 ab
964 827 1130 912 dvonvifw
1162 831 1296 896 verbum

99 936 293 1018 ἀμπνῦσθαι
317 933 524 1019 ἀμπνῠθῆναι
558 932 771 1014 compositum
799 950 840 996 ex
868 931 928 996 ἀνά
953 939 987 998 et
1016 932 1126 999 radice
1157 933 1297 1014 quadam

100 1049 161 1106 πνῐι
190 1038 242 1104 eui
267 1037 376 1103 nescio
400 1036 498 1102 aliam
524 1037 689 1102 notionem
717 1037 887 1120 assignare
916 1057 1012 1119 qnam
1041 1038 1103 1104 ‘bei
1130 1039 1297 1106 Bewusst·

99 1145 187 1225 sein,
218 1142 262 1207 im
292 1140 472 1207 Vollbesitz
502 1140 611 1206 seiner
640 1140 882 1207 Geisteskrdfte
917 1142 997 1208 sein'
1027 1145 1127 1226 (νοεῖν
1158 1154 1297 1230 φρονεῖν,

100 1270 131 1317 v.
155 1255 222 1315 not.
248 1251 276 1312 1.
306 1245 470 1311 Theocrit.
494 1245 590 1311 XXV
614 1247 676 1310 262
693 1266 740 1327 sq.
771 1247 900 1313 Heliod.
918 1249 1014 1314 Aeth.
1040 1248 1073 1312 Π
1097 1250 1117 1314 6
1139 1247 1173 1313 iu
1196 1246 1297 1332 add).

100 1353 173 1418 Hac
206 1352 240 1419 vi
274 1349 459 1433 praeditum
492 1350 631 1433 legimus
664 1350 844 1432 perrectum
880 1359 1063 1418 πεπνῦσθαι
1096 1352 1138 1416 de
1172 1350 1300 1416 Tiresia

100 1460 228 1521 mortuo
252 1460 309 1519 τοῦ
337 1481 370 1518 τε
395 1455 508 1540 φρένες
532 1455 670 1534 inuadat
689 1458 770 1521 εἰσιν
793 1485 810 1521 κ
833 1459 899 1522 494
922 1476 969 1538 sq.

362 1559 399 1626 τῷ
419 1564 464 1609 παιΙ
486 1558 622 1623 τεθνηῶτι
642 1558 711 1611 νόον
729 1559 799 1628 πόρε
820 1561 1023 1633 Περσεφόνεια

363 1650 413 1714 city
432 1646 607 1698 πεπνῦσθαι·
628 1651 670 1697 τοὶ
692 1644 721 1697 tii
742 1654 819 1699 σκιαὶ
840 1648 1025 1716 οἶόσσουσιν.’)

102 1734 187 1801 Hinc
224 1733 294 1800 sine
326 1734 458 1818 negotio
493 1733 668 1817 pervenias
698 1734 741 1799 ad
774 1733 879 1817 magis
910 1734 1066 1800 usitatam
1101 1740 1299 1815 potestatem

103 1837 271 1920 ‘sapiendi'
303 1857 368 1919 qna
401 1839 607 1921 participium
639 1841 834 1921 πεσνῦμένσς
865 1839 975 1905 multis
1005 1838 1085 1904 locis
1115 1839 1203 1920 apud
1233 1838 1298 1902 Ho-

102 1961 226 2008 merum
256 1942 451 2010 instructum
481 1945 639 2012 videmus.
687 1944 905 2030 Πνῡσσηόρας
936 1943 1069 2028 (Kaibel
1099 1962 1148 2007 nr.
1179 1946 1251 2023 846,
1281 1945 1299 2006 2

103 2047 208 2131 cypr.)
233 2054 283 2112 esi
307 2048 361 2128 qui
385 2050 567 2129 πεπνυμένα
592 2049 684 2115 πάντ’
710 2048 855 2134 α’γσρεόει
880 2077 897 2114 τ
920 2048 1028 2130 352.’)

190 2150 283 2234 Quod
318 2151 359 2216 de
393 2151 525 2216 nodone
564 2156 693 2216 mutata
726 2150 883 2230 diximus
923 2149 1134 2214 confirmatur
1167 2147 1301 2213 vocibus

103 2253 253 2335 cognatis
278 2255 460 2340 πεπταμένην·
493 2255 628 2340 σανετὴν
657 2255 736 2320 Hes·
769 2253 883 2339 πινῖτὴ
916 2253 1045 2328 πενῦτός
1077 2250 1301 2336 ἁπτιόσσεινῧ)

103 2356 190 2436 quod
212 2356 297 2421 idem
323 2357 412 2423 valet
435 2364 534 2438 atquc
557 2359 733 2441 μαραίνειν
757 2386 770 2422 ε
794 2361 858 2424 342
888 2358 922 2442 (ζ
946 2358 1040 2443 258),
1077 2362 1103 2422 0
1129 2359 1301 2421 letamen

383 2464 512 2534 sipyuidqr
532 2461 600 2531 ἔχετ’
621 2464 749 2527 ἄσθματι
771 2464 821 2535 κῆρ
841 2463 1010 2515 α’πινόσσων

104 2564 181 2610 usus
217 2546 406 2613 vetustioris
441 2546 616 2628 vestigium
656 2547 929 2629 deprehendimus
963 2547 1186 2630 manifestum
1226 2565 1302 2612 nam

104 2656 165 2736 κῆρ
186 2649 372 2717 ἀπινύσσων
386 2652 406 2720 i.
424 2672 453 2733 q.
472 2653 565 2716 ‘ohne
583 2652 828 2730 Bewusstsein’‚
853 2651 893 2717 cf.
910 2654 942 2723 Ξ
956 2654 1020 2717 438
1037 2670 1084 2732 sq.
1113 2656 1140 2718 Ο
1155 2653 1220 2717 240
1232 2669 1302 2731 sqq.

177 2845 196 2908 ¹)
216 2841 274 2909 Quo
292 2842 351 2894 loeo
370 2840 393 2894 si
413 2844 650 2912 odoraminum
676 2850 797 2895 verteres
823 2841 915 2895 ‘aliein
941 2841 1021 2895 weiss
1046 2858 1079 2894 zu
1099 2840 1166 2895 sein'
1185 2840 1250 2910 (Cic.
1270 2840 1304 2894 de

105 2929 187 2983 divin,
214 2929 227 2982 1
254 2934 288 2982 88
315 2927 411 2982 ‘solum
439 2928 567 2996 sapere’),
596 2929 715 2995 ineptior
741 2928 871 2982 evaderet
898 2928 1033 2997 oppositio
1061 2929 1133 2981 inter
1159 2936 1250 2982 vatem
1277 2935 1305 2980 et

105 3024 212 3069 eeteros
236 3014 380 3070 defunctos
404 3015 447 3069 vel
474 3014 641 3083 agnoscendi
666 3017 789 3070 homiues
816 3016 976 3084 quibuscum
1001 3015 1123 3070 viventes
1150 3015 1305 3070 arctissima

106 3102 306 3156 necessitudine
335 3103 472 3157 coniuncti
501 3102 612 3157 fuerunt
642 3103 775 3158 facultate
805 3103 917 3158 orbatos
947 3106 976 3166 (t
1009 3107 1077 3157 lotii.
1120 3101 1234 3171 Polybio
1264 3107 1307 3154 est

106 3190 273 3244 πεπνῦσθαι
301 3204 481 3259 synonymum
509 3190 585 3245 uerbi
613 3191 660 3256 ζῆν
688 3191 726 3243 VI
755 3197 802 3258 ct,
830 3196 855 3247 9.
883 3195 924 3258 53,
947 3196 977 3243 10
1004 3190 1047 3257 (=
1074 3188 1189 3244 ‘beseelt
1215 3187 1306 3251 sein').

107 3273 147 3331 ci.
167 3275 249 3328 etiam
270 3274 333 3328 Hes.
353 3276 442 3328 πνύτο
460 3276 553 3341 (immo
573 3278 682 3345 uvdroi·
702 3282 839 3332 ἔσπευσεν
859 3280 975 3344 ἐνόησεν
993 3278 1011 3334 i.
1027 3293 1050 3330 e.
1069 3276 1187 3343 ‘begann
1207 3273 1308 3328 wieder

106 3378 141 3414 zu
160 3359 282 3415 athmen'
299 3359 383 3429 (quod
402 3367 476 3415 recte
495 3360 595 3414 dicitur
614 3370 678 3428 post
695 3366 871 3433 λιποψυχίαν
892 3378 963 3431 quae
982 3362 1118 3416 hominem
1144 3363 1307 3414 σῖπνευστον

106 3446 241 3516 reddidit3
269 3463 435 3515 quamquam
464 3456 568 3503 certum
597 3460 639 3504 est
664 3451 871 3518 grammaticum
900 3451 950 3505 hoc
977 3449 1061 3503 verbo
1088 3447 1168 3501 simui
1197 3451 1307 3515 etymon

107 3552 205 3604 pamm
229 3535 401 3590 intellectum
428 3537 568 3591 illustrare
587 3537 724 3605 voluisse),
753 3538 825 3590 ‘kam
853 3553 887 3590 au
915 3536 982 3590 sich’
1010 3537 1044 3603 (v.
1072 3535 1136 3588 Hes.
1165 3534 1307 3601 ἐμηνύθη·

109 3626 140 3675 ἐν
158 3623 248 3691 ἑαυτῷ
267 3625 381 3692 ἐγένετο
401 3630 447 3675 κατ’
468 3623 645 3697 ἐφρόνησεν).

180 3713 200 3778 ²)
218 3711 283 3765 Hcs.
312 3712 426 3770 πινυτός·
456 3715 574 3782 ἔμφρων
601 3712 732 3781 σαόφρων.
761 3737 793 3747 -·
821 3706 979 3762 Declinatio
1006 3705 1122 3772 perfecti
1148 3704 1212 3758 olim
1240 3705 1309 3759 haec

109 3803 182 3850 erat:
208 3803 361 3866 πίττνῦμαι
388 3799 492 3866 -ῦ(σ)αι
517 3804 600 3850 -ῦται
626 3793 803 3865 πεπνῧμεθα
826 3801 978 3850 πεπνῦσθε
998 3791 1202 3863 reprimatur.
1238 3792 1310 3848 Hinc

109 3883 191 3938 faciie
209 3882 327 3938 evadere
345 3884 436 3951 potnit
454 3891 605 3953 πεπνῑιμαι
625 3888 689 3937 -ῠαι
702 3883 873 3950 correptione
893 3899 907 3936 e
926 3881 1008 3936 tertia
1020 3879 1092 3948 plur.
1111 3878 1148 3934 ad
1160 3879 1309 3934 secundam

109 3971 179 4040 sing.
198 3987 285 4038 prava
304 3972 434 4040 analogia
453 3971 605 4038 translata3
628 3967 656 4023 id
675 3968 747 4036 quod
772 3983 805 4023 eo
823 3967 969 4035 proclivius
987 3974 1063 4035 erat,
1087 3965 1309 4035 quandoquidem

109 4058 163 4114 bae
191 4059 266 4113 solae
292 4073 426 4128 personae
456 4081 471 4112 v
497 4066 562 4113 ante
589 4056 711 4110 vocalem
739 4055 858 4123 positam
882 4054 1001 4123 habent,
1029 4063 1138 4110 ceterae
1165 4053 1201 4108 ad
1226 4069 1310 4108 unam

110 4160 204 4200 ornnes
223 4155 288 4201 ante
306 4161 448 4201 consonas.
486 4145 573 4200 Huius
599 4142 759 4197 mutationis
782 4142 878 4197 unicus
902 4142 978 4196 nobis
1001 4140 1079 4196 testis
1104 4148 1147 4196 est
1172 4142 1311 4210 Theognis

110 4237 154 4297 (29
173 4238 287 4287 sturio
306 4235 432 4302 imperat.
452 4233 532 4300 [-υσο
551 4230 614 4285 libri
632 4228 767 4298 plerique]
786 4228 892 4297 dequo
912 4243 1056 4296 perperam
1075 4226 1184 4283 Osthoff
1195 4227 1258 4282 MU.
1271 4227 1310 4281 IV

111 4325 144 4372 65
164 4333 222 4388 sqq.
241 4320 288 4386 qui
306 4319 411 4374 nulium
433 4340 447 4372 υ
467 4317 569 4373 uocalis
587 4317 615 4371 in
635 4316 686 4371 hoc
708 4315 790 4370 verbo
810 4323 876 4371 ante
894 4330 1028 4370 consonas
1052 4323 1196 4384 correptae
1221 4330 1311 4369 exem·

110 4404 186 4472 plum
206 4404 330 4473 proferre
351 4405 471 4474 poterit).

182 4495 203 4560 ⁸)
223 4497 294 4547 πῖνό
313 4507 347 4546 ex
366 4511 439 4547 πενυ
459 4492 529 4545 sicut
547 4493 661 4546 Σικυών
679 4506 713 4546 ex
732 4496 856 4547 Σικυών.

1102 4582 1168 4645 21*
