2956 5040
705 190 943 256 ,196-

227 388 322 450 caute
344 381 469 448 iudicat
490 400 556 447 non
579 381 701 463 poterit
722 380 831 446 facere
855 379 932 461 quin
956 379 1125 446 traditioni
1149 380 1310 446 hbrornm
1335 380 1418 446 ον’λό-

223 513 318 569 μενος
349 492 408 554 aut
437 486 561 552 diserte
592 485 784 552 testantium
815 490 873 551 ant
901 483 989 564 quod
1016 484 1162 565 proxime
1191 484 1323 550 accedh
1353 484 1419 552 o'lo'-

222 618 317 675 μενος
352 585 535 659 leviuscula
574 589 702 655 macula
740 587 956 655 deformatum
995 588 1217 655 exhibentium
1253 591 1419 657 obsecutus

223 696 358 779 tragicis
392 695 599 778 participium
632 692 802 775 οόλόμενος
835 711 877 759 ex
911 693 1024 774 opicae
1059 709 1197 773 poeseos
1234 693 1339 775 copiis
1370 695 1418 760 de·

223 806 388 882 sumptum
417 799 591 879 relinquat.
637 797 813 879 Epicornm
836 797 921 862 enim
951 796 1142 862 imitationis
1165 796 1306 879 tragicis
1329 799 1420 865 etiam

223 905 288 971 alia
311 903 453 986 vestigia
475 902 579 968 multa
600 901 761 983 impressa
784 901 856 982 quis
879 907 931 968 ast
954 902 1009 982 qni
1031 901 1156 984 neget?

310 1008 404 1093 Quae
426 1007 522 1072 modo
550 1005 716 1087 composui
737 1004 885 1071 indicant
906 1005 1043 1071 Graecis
1072 1005 1312 1074 vetustioribus
1336 1007 1418 1074 οόλό

221 1139 317 1195 μενος
339 1110 441 1176 fuisse
469 1128 528 1190 pro
556 1108 728 1190 participio
758 1109 873 1175 coristi
905 1129 983 1178 vcro
1012 1111 1112 1177 medii
1141 1112 1184 1176 ab
1208 1111 1363 1194 ὀλόμενος
1390 1113 1420 1180 11

223 1223 323 1298 atque
345 1215 515 1282 intellectu
538 1213 618 1279 nihil
640 1213 781 1282 diverso.

309 1321 403 1387 Haec
425 1320 466 1386 de
492 1317 661 1400 οόλόμενος
683 1318 808 1384 formae
831 1324 997 1401 potestate
1020 1319 1125 1403 ignoti
1146 1319 1320 1388 cuiusdam
1343 1320 1419 1403 apici

223 1435 257 1495 et
291 1427 489 1510 tragicorum
513 1412 710 1490 'testimonia
744 1424 830 1505 quod
872 1425 1003 1491 Curtius
1041 1443 1176 1507 prorsus
1209 1425 1360 1508 neglexit
1390 1426 1418 1490 iu

222 1533 292 1599 eins
324 1529 541 1612 explicatione
572 1527 810 1608 aliquantillum
844 1527 1010 1610 displicet,
1046 1528 1105 1593 sed
1135 1527 1292 1609 displicet
1324 1529 1418 1595 mullo

222 1637 326 1719 magis
363 1635 450 1716 quod
489 1631 659 1716 οόλόμενος
700 1632 798 1714 plana
833 1651 853 1697 a
892 1632 1051 1700 vocabulo
1091 1630 1246 1718 ὀνήμενος
1287 1633 1418 1714 divellit

222 1762 358 1824 quorum
381 1742 521 1807 alterum
545 1738 641 1805 alteri
665 1738 910 1805 scematissime
940 1739 1140 1820 respondere
1162 1738 1195 1803 in
1220 1744 1341 1820 aperto
1364 1744 1418 1803 cst

221 1847 269 1913 cf.
293 1851 427 1928 praetor
449 1843 547 1924 Soph.
572 1841 653 1907 Oad.
677 1840 755 1925 Tyr.
780 1843 845 1906 644

551 1946 591 2016 με’
611 1965 663 2000 νυν
683 1946 816 2014 drotum,
835 1945 893 1998 a'tt
914 1947 1025 2020 ἄροτος,
1045 1951 1073 2000 ει
1087 1952 1119 1999 οε
1138 1966 1163 1999 ιι

554 2032 676 2103 δέδρακζ
698 2033 825 2102 ὀλοίμην,

223 2147 304 2211 quos
326 2143 443 2195 versus
458 2124 523 2190 iam
539 2142 560 2188 a
576 2121 744 2187 Classenio
760 2121 879 2187 allatos
895 2121 1001 2205 video,
1025 2121 1143 2188 Kaibel
1158 2141 1207 2188 nr.
1224 2123 1302 2204 502,
1321 2125 1361 2189 21
1375 2125 1418 2204 sq,

499 2227 563 2298 μήτ’
583 2226 706 2280 ἐλπίδων
725 2229 834 2288 ὄναιτο,
852 2224 890 2294 μὴ
911 2230 1017 2279 τέκνων
1035 2227 1157 2299 σττορᾱς,

499 2313 557 2368 aaa·
577 2316 712 2383 ἐγγένονς
733 2314 828 2367 ὄλοιτο
848 2313 1003 2384 τττίνρειζον
1020 2318 1113 2381 γένος.

220 2405 306 2490 Quid
329 2402 390 2469 sibi
412 2400 494 2468 velit
516 2399 629 2465 aoristi
653 2397 732 2483 (non
755 2397 940 2479 praesentis
950 2397 972 2483 1)
980 2398 1005 2483 ¹)
1034 2398 1242 2481 participium
1268 2400 1419 2488 ὀνήμενος

221 2514 320 2593 poeta
342 2505 492 2575 versibus
515 2511 536 2587 o
558 2507 600 2570 33
624 2522 671 2584 sq.

429 2609 530 2669 ἐσθλός
548 2627 601 2678 μοι
621 2608 701 2662 δοκεῖ
718 2607 803 2668 εἶναι,
822 2607 970 2675 ὀνήμενος·
990 2608 1052 2659 ἐἴθε
1065 2623 1112 2675 foc
1133 2606 1218 2667 odedu

429 2696 501 2757 Ζεὺς
521 2695 636 2766 ὀγαόὸν
655 2699 802 2757 τελέσειεν,
823 2689 882 2748 ὅτι
901 2700 989 2764 φρασὶ
1004 2695 1071 2765 spot
1089 2697 1214 2764 μενοινᾷ

218 2786 388 2871 praeclare
420 2782 577 2863 ostendit,
613 2786 651 2847 nt
680 2782 721 2846 de
752 2779 918 2845 sententia
948 2778 1091 2844 dubitari
1120 2787 1281 2864 nequeat;
1319 2785 1418 2852 verba

220 2892 305 2959 enim
327 2890 403 2955 inde
426 2890 477 2953 ab
493 2888 560 2953 εἴθε
575 2906 636 2969 μοι
659 2885 739 2951 nihil
770 2883 860 2950 aliud
883 2884 1005 2950 addere
1029 2903 1126 2964 quam
1150 2886 1239 2952 vocis
1264 2886 1418 2974 ὀνήμενος

220 2995 315 3078 quasi
336 2992 640 3076 interpretationem
663 2990 745 3057 satis
767 2990 885 3071 liquet:
911 2988 1063 3076 ὀνήμενος
1086 2989 1114 3055 is
1130 2996 1182 3056 est
1204 2992 1260 3072 qni
1283 2995 1418 3060 comiter

219 3119 299 3169 voce
315 3099 348 3165 in
370 3099 433 3164 hac
455 3118 491 3165 re
514 3097 725 3178 frequentata
742 3093 861 3180 ὀνοιο’)
885 3094 1108 3177 compellatur,
1134 3096 1237 3162 ‘einer
1252 3097 1327 3164 dem
1345 3118 1416 3164 meu

219 3206 325 3272 Glhok
355 3205 422 3270 und
445 3203 561 3286 Effolg
590 3201 761 3269 whnsoht’.
801 3199 954 3286 ὀνήμενος
979 3199 1081 3282 igitur
1111 3221 1183 3267 oum
1207 3203 1287 3268 dicit
1317 3222 1417 3270 senex

218 3309 403 3394 Aegyptius
436 3295 505 3374 fere
535 3307 621 3372 idam
652 3311 703 3371 ost
733 3323 772 3370 ac
805 3304 833 3369 si
864 3304 988 3370 diceret
1021 3303 1131 3372 ὄνοιτο
1163 3311 1219 3392 τῆς
1251 3307 1371 3393 ὀμορᾶς
1401 3307 1416 3372 ὀ

219 3414 352 3501 ἀγείρας
373 3432 433 3479 nec
457 3413 527 3479 Sine
549 3411 637 3478 iusta
660 3429 761 3476 causa
782 3411 892 3494 χαίρει
916 3409 1008 3500 φήμῃ
1021 3408 1197 3497 Ὀδυσσῆος
1220 3413 1317 3498 φίλος
1340 3412 1415 3489 οἰός.

217 3521 344 3588 Eodem
377 3519 472 3584 modo
509 3516 683 3599 οόλόμενος
715 3553 755 3561 -
786 3533 851 3595 qua
880 3532 961 3582 voce
992 3515 1122 3597 proprie
1155 3515 1183 3580 is
1213 3516 1417 3600 significatur

217 3644 313 3706 quem
344 3623 415 3703 quis
445 3621 584 3687 formula
614 3619 762 3685 sollemni
786 3616 907 3704 ὀλοιοθ)
932 3618 1079 3685 adhibita
1110 3618 1299 3702 execretur,
1334 3622 1415 3688 ‘dem

218 3748 294 3795 man
316 3727 435 3794 Unhail
459 3728 525 3793 und
548 3726 740 3792 Venderben
763 3725 977 3806 anwtlusoht',
1009 3724 1127 3790 deinde
1150 3727 1303 3792 vocabuli
1325 3732 1413 3810 pote·

217 3839 305 3900 state
329 3833 508 3915 paullulum
532 3832 671 3897 dssatata
694 3830 750 3912 qui
771 3829 831 3895 tali
846 3829 1054 3896 execratione
1077 3829 1195 3914 dignus
1219 3837 1272 3897 est
1294 3850 1320 3898 s.
1334 3837 1414 3913 erat

216 3978 424 3985 m...—

289 4047 309 4109 1)
327 4043 415 4098 Notus
434 4046 476 4097 est
494 4041 612 4096 aon-istnc
631 4040 757 4106 ὀπόνιςιο
776 4042 867 4092 1321.
888 4060 907 4093 τι
931 4043 987 4092 110.
1006 4060 1021 4108 ρ
1042 4043 1100 4092 29³.
1119 4039 1252 4095 Herodot.
1270 4040 1284 4094 1
1305 4047 1362 4096 1oo.
1381 4069 1414 4079 -—

216 4132 319 4186 Eorum
338 4131 384 4199 qui
409 4132 550 4201 ὀνήμενος
574 4143 625 4196 pro
653 4127 744 4181 nescio
771 4126 847 4180 cuius
873 4126 1027 4195 praesentis
1046 4126 1191 4195 participio
1218 4129 1413 4183 contractionis

216 4217 307 4271 nescio
326 4232 380 4284 qua
399 4217 507 4269 ratione
525 4221 587 4269 orto
605 4211 748 4268 venditore
766 4213 900 4281 laborant
914 4221 1079 4279 argumenta
1103 4230 1145 4269 mc
1169 4213 1280 4282 quidem
1303 4214 1413 4271 1111111111.

287 4308 307 4372 ¹]
327 4302 409 4372 Soph.
429 4302 496 4358 Ocd.
516 4302 577 4358 (lol.
597 4306 671 4357 1042.
700 4301 794 4369 Eurip.
814 4300 874 4368 lph.
893 4300 976 4356 Taur.
998 4306 1065 4355 10³8
1083 4301 1131 4359 all.
1247 4316 1254 4325 ·

287 4391 597 4457 3111οεο11.811111.535.
630 4388 854 4455 Sophanem.
886 4386 985 4444 Traoh.
1005 4393 1064 4442 383.
1096 4387 1234 4457 Aristoph.
1253 4388 1319 4448 Pac.
1339 4394 1411 4444 lota.

215 4478 379 4545 Thesmoph.
400 4478 515 4533 1511111.
594 4542 597 4549 Ι
