2940 5026
701 162 937 228 -126—

217 357 324 442 ἔκιχον
353 354 523 442 erig-qest)
554 353 645 420 cuius
676 380 695 438 η
725 370 791 418 non
822 350 926 434 magis
957 349 1132 433 corripitur
1158 369 1261 432 quam
1289 382 1309 438 η
1338 351 1417 419 aori·

216 465 341 527 storum
370 478 458 542 pass.
481 459 527 543 Π,
556 459 659 537 ἔκιξα,
690 455 898 540 participium
929 455 1119 543 κιρ-ἥμενος
1149 457 1240 538 quod
1270 457 1417 525 suffixum

216 570 384 647 comparet
414 563 514 630 etism
540 562 574 629 in
606 560 815 647 ἄλη-ἥμενος
846 560 1022 647 διν-ἥμεναι
1046 561 1238 648 Hesych.‚²)
1269 560 1419 649 ἀκίχητος

216 670 304 736 Pro
327 667 434 736 vocali
458 697 476 754 ρ
499 685 541 733 ex
563 665 678 732 aoristi
699 663 802 730 inturi
825 663 991 747 participii
1013 666 1168 750 analogia
1191 674 1376 751 assumpta.

302 771 422 860 κιχάνω
445 774 589 858 &nepum
605 776 666 838 etc.
686 769 775 836 llies
798 769 953 853 leguntur
969 771 1056 853 apud
1072 771 1253 839 Homerum
1272 801 1293 838 α
1314 773 1418 841 vocali

215 898 344 963 semper
366 877 571 964 producta.³)

303 982 405 1050 Omisi
426 982 460 1048 in
482 984 545 1048 hac
568 979 815 1048 enumeratione
838 984 873 1046 et
894 999 979 1062 quae
1002 980 1072 1047 sine
1088 979 1156 1047 nlla
1178 1000 1282 1048 causa
1301 1003 1328 1066 f
1347 989 1419 1066 post

215 1106 390 1156 consonam
414 1087 562 1155 amisisse
586 1088 711 1154 abhoc
734 1085 832 1153 illove
856 1085 1068 1171 medantum)
1093 1091 1129 1151 et
1150 1105 1236 1167 quae
1260 1106 1418 1170 perquam

215 1191 314 1259 dubia
347 1191 456 1277 sunu)
488 1196 523 1257 et
556 1209 640 1272 quae
671 1195 787 1274 aperte
821 1190 906 1257 falso
935 1191 999 1256 huc
1032 1188 1261 1278 referuntur.⁸)
1316 1192 1418 1260 Porro

214 1293 347 1378 reposui
369 1294 549 1376 composita
571 1294 664 1362 velut
686 1294 862 1377 ἐύσσελμος
893 1296 1092 1380 necessarior
1115 1298 1314 1376 κονίσσαλος
1339 1327 1418 1382 παρ-

212 1398 345 1483 [εινιώη
369 1403 406 1464 ut
436 1416 521 1480 quae
542 1415 608 1464 non
638 1397 689 1465 sui
710 1397 791 1466 iuris
821 1398 888 1465 sint
917 1417 1023 1481 neque
1046 1399 1129 1466 adeo
1159 1406 1278 1468 tutae
1313 1408 1416 1470 muta·

213 1504 357 1572 tionibus
380 1522 461 1586 qaas
492 1502 655 1587 simplices
682 1523 781 1573 voces
808 1503 1068 1590 experiuntur‚⁷)
1095 1510 1268 1574 uteorum
1292 1507 1331 1574 in
1360 1510 1418 1575 hac

214 1609 408 1693 quaestione
429 1609 485 1677 ubi
507 1610 549 1676 de
561 1632 581 1695 f
602 1609 636 1676 in
658 1609 808 1677 mediis
830 1609 999 1679 vocabulis
1022 1610 1180 1678 collocato
1202 1611 1320 1695 agitur
1342 1631 1417 1681 usus

215 1715 267 1783 sit.
318 1715 358 1782 In
388 1715 576 1782 coniectura
605 1714 746 1797 denique
776 1719 811 1781 et
839 1733 880 1781 ea
909 1714 1039 1795 quidem
1068 1714 1276 1798 improbabili
1311 1718 1418 1801 posita

285 1907 305 1977 ¹)
325 1905 444 1962 Aoristis
462 1902 491 1958 in
514 1925 567 1971 -ην
591 1905 620 1960 in
647 1905 803 1962 nniversam
830 1904 933 1973 passivi
960 1905 1080 1975 propriis
1107 1905 1143 1961 ab
1171 1906 1251 1961 initio
1279 1909 1355 1965 nihil
1381 1911 1416 1965 rei

214 2009 275 2050 cam
293 1993 402 2065 passivo
421 2007 523 2061 genere
542 1990 626 2047 inisse
645 1997 741 2047 notum
761 1999 818 2061 est;
839 1992 874 2051 cl.
894 1993 1002 2068 ῥυῆναι.
1022 2023 1053 2033 -
1074 1996 1187 2062 novior
1210 1995 1294 2050 actis.
1322 1998 1416 2053 Collilr

213 2099 254 2138 nr.
274 2086 351 2150 alas,
370 2087 394 2138 0.
430 2077 585 2135 Archiloch.
604 2075 638 2132 ir.
661 2083 700 2146 12,
720 2084 745 2134 2.
781 2078 983 2149 Wackernagel
1002 2080 1172 2137 res-xxvi
1190 2087 1242 2138 002
1262 2099 1325 2153 sqq.

285 2172 307 2236 ¹)
323 2170 366 2224 De
384 2167 485 2224 suffixo
505 2169 628 2240 -ήμενος
646 2166 680 2221 cf.
700 2166 762 2226 libr.
780 2168 807 2222 11
827 2170 856 2224 in
875 2168 1055 2241 ‘daupeinai

288 2260 308 2327 ⁸)
328 2259 485 2329 κιχάνομαι
504 2258 636 2328 κιχάνετε
655 2262 706 2312 ete.
725 2264 831 2326 quater.

284 2347 305 2415 ⁴)
324 2344 408 2401 Velut
426 2351 517 2418 θέναρ
537 2344 568 2399 L.
587 2342 684 2413 Meyer
702 2341 765 2411 vgl.
784 2342 830 2398 Gr.
849 2344 878 2398 11
896 2350 956 2415 201,
975 2352 1057 2420 τέρας
1075 2343 1141 2404 ibid.
1160 2350 1220 2404 232.

283 2434 305 2502 ⁸)
324 2435 452 2494 Μούλιος
471 2456 505 2481 =
525 2432 650 2486 Molvius
668 2433 700 2485 ut
718 2430 848 2498 opinatur
865 2432 993 2489 Froehde
1011 2434 1066 2488 ΒΒ.
1085 2433 1127 2488 ΙΙΙ
1146 2439 1171 2490 3.
1197 2437 1285 2508 ὀρίνω
1314 2439 1412 2512 optma

214 2541 247 2571 <
264 2521 383 2593 *dplvfe
411 2520 523 2576 Curtius
547 2519 630 2575 Verb.
655 2518 681 2572 1²
700 2524 751 2572 215
780 2519 829 2586 (cl.
847 2535 932 2589 supra
957 2522 1113 2591 pag.109);
1142 2521 1252 2596 θοῦρος
1275 2527 1360 2599 Ἄρης
1383 2548 1412 2569 =

212 2611 315 2684 delusor
333 2610 365 2664 Ia.
386 2608 481 2678 Meyer
499 2607 517 2661 l.
537 2606 684 2676 l.11245;
709 2603 793 2681 οὖρος
812 2607 884 2676 quod
907 2607 956 2662 alii
974 2623 1036 2662 cum
1055 2607 1119 2663 Hes.
1139 2609 1234 2683 βῶροι·
1256 2612 1412 2683 ὀφθαλμοί,

212 2695 281 2751 Fick
305 2711 366 2750 cunr
391 2695 433 2750 cd.
456 2698 559 2750 taurea
584 2692 618 2759 (i.
637 2709 678 2762 pr.
697 2693 802 2760 *aaroni
829 2694 980 2764 composuit
1005 2693 1055 2750 Od.
1083 2699 1126 2764 12;
1152 2692 1235 2756 οὖλος
1256 2721 1288 2748 <
1308 2699 1413 2771 *ferm

212 2783 282 2839 Ficlr
299 2783 331 2836 Il.
352 2787 384 2836 10
403 2781 439 2837 ad
459 2789 482 2836 B
502 2788 518 2836 0
536 2781 639 2837 collato
659 2782 699 2836 lit.
719 2784 804 2851 aplius
822 2783 941 2850 Betrng,
965 2797 1036 2850 quae
1055 2783 1131 2838 notio
1152 2788 1174 2836 ll
1194 2788 1210 2837 t
1234 2783 1302 2841 odis
1323 2790 1412 2861 ὄνειρε

213 2871 317 2938 optime
335 2860 456 2940 quadrat
475 2867 520 2937 (ci.
538 2867 688 2923 Homerum
706 2888 720 2920 t
740 2873 790 2922 ete
810 2867 844 2923 de
862 2868 975 2924 somniis
993 2883 1064 2937 qnae
1083 2872 1320 2944 ,νελεφοίρονιαις
1340 2872 1412 2929 Ouid

213 2964 351 3012 metamm.
371 2954 438 3009 XIII
459 2961 509 3009 2ιο
527 2971 566 3025 sq.
585 2955 614 3010 in
633 2954 729 3010 eadem
748 2970 778 3009 re
797 2971 879 3024 quam
898 2955 1033 3011 Homerus
1053 2954 1123 3012 libro
1144 2963 1166 3011 B
1185 2969 1297 3016 narrat:

456 3041 528 3098 Ecce
546 3042 618 3098 loris
636 3042 750 3110 monitu,
770 3041 932 3113 deceptus
950 3043 1070 3112 imagine
1088 3044 1186 3116 somni,

455 3130 517 3185 Rex
535 3130 612 3185 iubet
630 3130 732 3198 incepti
750 3145 845 3186 curam
866 3130 1004 3186 dimittere
1023 3130 1097 3187 belli.

212 3218 333 3275 ‘Somnia
351 3233 422 3287 quae
441 3225 546 3274 mentes
570 3217 679 3273 ludunt’
697 3219 819 3288 Petron.)
858 3218 902 3274 Ad
922 3219 1064 3275 alemanis
1089 3222 1136 3276 dil
1155 3220 1190 3278 fr.
1210 3224 1296 3281 tow
1315 3226 1346 3282 in
1364 3227 1430 3282 hae

211 3322 242 3363 re
260 3321 409 3377 provocare
427 3323 483 3361 nou
501 3305 578 3376 licet3
597 3321 662 3360 nam
680 3305 734 3360 hoc
752 3305 811 3360 loco
831 3305 880 3361 alii
899 3305 1022 3362 scribunt
1044 3306 1096 3364 olle
1116 3309 1222 3380 δαῖμον
1241 3327 1314 3380 quae
1333 3314 1411 3383 scrip

211 3402 276 3450 tura
294 3393 369 3450 haud
387 3394 443 3450 seio
462 3410 499 3449 an
516 3394 636 3464 genuina
653 3393 704 3460 sit;
729 3392 801 3448 latet
825 3394 897 3449 enim
924 3395 1043 3450 fortasse
1067 3396 1198 3453 homerici
1218 3397 1301 3462 οὖλος
1327 3402 1412 3457 forma

169 3504 173 3511 ·
210 3498 273 3538 rere
293 3482 388 3539 dorica
406 3480 485 3544 dice.
521 3481 659 3537 Lectionis
679 3479 700 3535 ui
720 3483 765 3536 dli
787 3483 893 3553 δαῖμον
921 3499 992 3552 quae
1016 3485 1093 3553 origo
1116 3485 1152 3542 sit
1174 3495 1268 3554 patet:
1288 3490 1412 3546 nonnulli

210 3568 385 3637 grammatici
412 3572 464 3624 ωλε
492 3584 526 3624 ex
553 3567 639 3625 doli
664 3567 736 3624 κατὰ
764 3570 869 3639 κρᾶσιν
896 3578 987 3626 ortum
1014 3587 1073 3628 esse
1100 3580 1129 3628 et
1156 3572 1229 3629 inter
1255 3578 1303 3631 o'lr
1333 3586 1413 3648 atque

212 3660 274 3713 dlot
293 3655 409 3713 eandem
434 3657 570 3713 rationem
588 3655 758 3714 intercedere
776 3673 858 3726 qnam
878 3658 951 3713 inter
969 3660 1049 3726 prese
1069 3667 1097 3715 et
1115 3663 1163 3727 η’λέ
1183 3667 1207 3717 0
1228 3667 1278 3716 128
1298 3665 1412 3732 opinati,

210 3751 241 3800 nt
268 3746 435 3801 sententiam
462 3761 539 3800 suam
569 3745 660 3816 quoad
688 3747 746 3801 eius
778 3743 838 3799 fieri
869 3751 963 3815 posset
989 3745 1051 3814 ipsa
1083 3747 1221 3817 scriptura
1248 3750 1412 3820 indicarent.

211 3829 385 3888 dederuntol
406 3837 451 3890 dli
470 3833 631 3901 (Herodian.
649 3834 756 3900 11250,
776 3831 869 3902 tlh).

281 3920 302 3989 θ)
322 3919 798 3990 000101τί301(11.Ρτοὶοςοωοι.
820 3922 880 3989 114)
908 3919 1134 3994 ‹lyeyspfflmau
1158 3920 1303 3980 Mahlowii
1327 3926 1411 3993 (AEO

212 4008 254 4077 13)
273 4007 385 4078 remla
409 4007 453 4076 (ci.
473 4009 564 4083 κάρτα
587 4005 661 4078 quod
686 4023 720 4063 ex
745 4009 865 4084 ’κάρυα
889 4016 1014 4077 repetere
1039 4024 1105 4065 roca
1129 4015 1264 4084 τέσσαρες
1289 4020 1412 4071 vetamur

210 4107 297 4160 neque
322 4092 467 4162 quisquam
490 4109 507 4149 a
532 4095 605 4166 τάχα
629 4091 689 4147 ὦκα
716 4095 913 4164 separaverit),
937 4095 1068 4151 Ahrensii
1093 4096 1232 4168 (Beitrige
1259 4117 1308 4157 zur
1327 4119 1370 4173 gr.
1387 4121 1412 4159 u

210 4178 260 4236 lat.
284 4177 405 4249 Etymol
428 4179 451 4248 I)
479 4181 587 4255 *xepfo'c
608 4200 640 4228 >
659 4184 765 4253 χειρός.
807 4183 849 4238 De
877 4179 975 4239 trouu
1003 4183 1142 4256 (saisisse
1168 4200 1316 4256 perperam
1347 4190 1413 4247 Fiet

211 4266 294 4322 GGA.
315 4271 382 4321 1880
400 4282 426 4335 p.
447 4272 513 4322 1443
533 4268 565 4322 Il.
584 4273 634 4321 374
653 4269 691 4325 ad
708 4275 735 4324 E
751 4271 814 4340 lar)
831 4269 888 4325 dixi
907 4271 964 4325 KZ.
985 4269 1078 4325 XXIX
1097 4278 1157 4328 236.

281 4356 302 4423 ¹)
321 4353 425 4409 Oehler
443 4354 476 4410 de
495 4353 609 4424 simplic.
622 4372 730 4413 consen.
744 4359 846 4416 contin.
860 4359 888 4412 in
907 4375 948 4427 gr.
962 4359 1028 4426 ling.
1041 4361 1101 4415 sine
1118 4360 1220 4417 vocalis
1234 4362 1412 4432 productione

210 4443 413 4511 nominatarum
432 4442 493 4499 loco
511 4458 568 4513 pos.
588 4443 663 4512 Lips.
686 4449 751 4499 1880
770 4461 797 4514 p.
818 4451 858 4499 11.
