2986 5010
573 204 811 266 -aud-

92 393 253 477 Ἰξιονίδης
301 393 436 456 Μολίων
483 392 617 471 Νομίων
672 393 822 454 Πανδίων
883 395 1093 474 Ταλαϊονιλλης
1139 391 1290 474 Ὑπερίων

90 502 229 581 -ιονίδης
252 495 340 579 (geli.
365 496 398 560 in
422 498 535 571 -ίονοςλ
560 494 777 579 Ἑλατιονίδρς
799 493 843 577 (ll.
869 495 899 559 h.
917 496 979 575 Ap.
1005 495 1092 579 210),
1118 500 1229 561 (181818
1246 532 1286 540 -

88 602 123 665 in
158 600 207 664 his
244 599 382 683 Ὠαρίων
416 600 502 678 quod
533 618 590 679 pro
623 596 742 676 Ὠρίων
776 597 863 681 (gen.
897 598 1071 681 Ὠρίωνος),
1094 605 1186 664 certa
1214 617 1287 663 con-

90 706 215 769 iectura
238 710 465 784 recuperatum
490 705 572 777 est¹i
600 741 638 748 κ
663 702 841 782 corripiunt
872 703 965 769 velut
987 705 1132 768 Αἰολίων
1160 705 1203 779 (οὶ
1226 701 1287 786 γὰρ

92 808 148 893 τὴν
163 810 296 889 Λέσβον
318 814 539 883 κατοικοῦντες
556 810 690 883 Αἰολεῖς
713 808 768 880 καί
784 809 961 884 Αἰολίωνος
986 807 1201 889 ὀνομάζονται
1221 806 1286 871 He-

90 911 213 976 rodian.
239 912 256 975 I
281 914 329 991 19,
355 913 396 976 22
420 930 467 990 sq.
493 930 534 974 cx
557 909 669 989 Steph.
695 910 774 990 Bya.
800 912 851 989 53,
882 910 934 994 14)
958 909 1130 994 Ἀκτορίων
1158 911 1285 996 ’Λοφο-

90 1017 165 1078 λίων
188 1015 372 1079 Βουκολίων
397 1017 426 1079 Γ
424 1016 581 1097 οργυθίων
606 1015 792 1078 Δευκαλίων
820 1018 1049 1093 Δαρδανίωνες
1072 1014 1287 1100 Ἐρευθαλίων

90 1120 255 1202 Εὐρυτίων
278 1118 413 1183 Ἠετίων
443 1117 566 1182 Ἰασίων
596 1118 768 1181 Ἱπποτίων
800 1117 937 1201 Ἰφιτίων
967 1118 1056 1202 (gen.
1088 1120 1121 1183 ill
1153 1123 1285 1196 -ίωνοςλ

91 1223 281 1307 >lapidicina
305 1222 447 1292 5319?
492 1222 541 1285 De
575 1223 724 1302 Κρονίων
756 1221 822 1286 iam
856 1223 977 1288 dictum
1013 1225 1106 1308 8812)
1153 1225 1288 1289 Homeri

89 1345 181 1392 usum
205 1327 237 1390 iu
261 1324 412 1408 mythicis
435 1325 504 1388 fere
533 1331 689 1390 secuntur
718 1327 918 1392 recentiores
949 1335 1067 1409 poetae
1097 1348 1162 1393 non
1193 1331 1287 1394 modo

89 1430 208 1494 Graeci
231 1428 289 1493 sed
304 1428 444 1493 Romani
467 1447 603 1507 quoque,
629 1434 664 1492 at
678 1430 712 1493 in
738 1430 823 1495 veris
841 1438 1004 1496 certorum
1027 1433 1191 1497 hominum
1207 1432 1287 1516 (non

88 1533 307 1599 fabulosorum
332 1534 465 1598 heroum
489 1534 681 1617 regumque)
705 1535 887 1599 nominihus
913 1573 952 1582 -
977 1537 1123 1617 exceptis
1146 1537 1287 1602 fortasse

88 1657 171 1718 quae
202 1657 243 1702 ex
273 1636 392 1702 fabulis
423 1637 526 1717 petita
556 1637 743 1702 viventibus
773 1638 931 1704 induntur
961 1679 998 1685 —
1025 1642 1147 1706 vocalis
1178 1670 1188 1706 ι
1219 1648 1286 1706 tam

87 1746 278 1809 constanter
311 1741 467 1807 adhibent
501 1741 738 1821 correptionem
769 1743 864 1808 simul
896 1773 919 1807 ω
951 1762 991 1808 ex
1022 1744 1222 1811 nominativo
1253 1747 1286 1810 in

87 1846 224 1926 obliquis
256 1845 384 1910 casibus
416 1851 554 1926 retento
591 1853 627 1909 ut
657 1847 742 1911 hunc
774 1846 946 1911 cottidiani
975 1847 1133 1912 sermonis
1164 1866 1285 1913 morem

86 1951 185 2016 fuisse
216 1949 401 2014 necessario
432 1949 576 2029 colligas.
624 1950 718 2031 Qruod
742 1969 800 2013 nos
824 1949 968 2030 mythiea
992 1969 1075 2028 quae
1100 1956 1284 2030 porrectae

87 2061 237 2135 correpta
263 2082 279 2116 α
303 2053 409 2119 vocali
432 2059 570 2118 utuntur
592 2072 656 2116 uon
680 2053 744 2117 ianr
769 2054 811 2117 ad
835 2072 934 2117 unum
959 2053 1066 2116 omnia
1088 2052 1121 2116 in
1146 2053 1286 2118 vetustis

87 2159 250 2240 epicorum
289 2156 485 2222 carminibus
528 2157 800 2237 deprehendimus
841 2195 878 2201 -—
919 2156 1009 2219 cuius
1050 2155 1097 2219 rei
1136 2157 1286 2236 exempla

85 2281 214 2343 appono
232 2258 395 2342 Ἀρίονα)
413 2258 564 2344 'Opinon
581 2259 758 2341 (Lycophr.
776 2260 826 2324 Al.
846 2259 972 2342 1182))
997 2258 1173 2322 Echioniae
1189 2259 1284 2343 (Hor.

85 2387 111 2431 c.
136 2367 183 2430 lV
213 2369 247 2445 4,
278 2365 368 2449 64))
394 2403 444 2444 -,
476 2384 540 2428 non
575 2363 690 2427 mirum
722 2364 868 2443 videtur,
907 2363 1058 2442 quoniam
1088 2382 1153 2427 non
1190 2365 1284 2429 modo

84 2469 251 2550 ingentem
280 2468 439 2532 iacturam
473 2466 551 2530 iecit
586 2466 693 2546 poesis
724 2466 816 2546 epica
851 2467 909 2530 sed
941 2466 1039 2530 etiam
1070 2467 1286 2533 Alexandrini

84 2743 191 2796 semper
214 2729 268 2782 ictu
292 2730 408 2795 alatrum,
432 2747 492 2783 cum
510 2733 633 2798 Ἀριαῖος
653 2729 680 2794 (i.
700 2743 722 2780 e.
742 2724 903 2794 *linuitosi
924 2732 945 2778 R
967 2732 1025 2779 830.
1046 2732 1138 2780 15612
1160 2755 1190 2764 -
1211 2726 1282 2780 alias

85 2815 158 2881 apud
185 2816 332 2869 Homerum
358 2832 411 2869 non
435 2816 537 2883 legitur
565 2847 597 2854 --
625 2816 652 2867 in
681 2822 811 2881 quattuor
839 2813 962 2880 syllabas
991 2813 1107 2867 distrahi
1136 2815 1229 2880 possit.
1249 2843 1282 2850 —

85 2900 235 2955 Pandionis
258 2917 391 2956 nomene
416 2901 548 2954 vocabulo
568 2902 694 2954 Πιὶνοῑα
719 2901 746 2965 ii.
765 2916 789 2956 e.
809 2901 975 2969 *flavdtfml
994 2900 1085 2953 fictum
1113 2917 1172 2954 esse
1192 2905 1285 2954 censet

86 2987 266 3041 Wilamowitz
286 2988 435 3057 Kydathen
458 2993 513 3044 133.

157 3098 175 3160 ¹)
196 3092 318 3164 Ὠρῖωνα
337 3092 430 3156 Eurip.
445 3091 518 3159 Cycl.
532 3096 583 3143 213
599 3088 759 3155 (Herodian.
774 3091 799 3142 ll
817 3094 873 3156 183,
888 3096 920 3141 ‘io
934 3092 1010 3157 squ).
1038 3091 1161 3163 Ὠαρῖων
1175 3093 1284 3150 Corinn.

85 3178 166 3246 irgm.
186 3184 210 3245 2,
230 3185 244 3231 2
264 3177 311 3230 all.
439 3176 443 3182 ’

155 3289 176 3345 ⁴²)
195 3281 330 3336 Hesiodus
353 3282 438 3336 habet
462 3288 575 3348 praeter
599 3279 762 3335 Λουκαλῖων
789 3283 924 3354 Ἑρμῖόνρ
954 3282 1105 3352 litigantium
1134 3284 1285 3353 Ὴμαθῖων

85 3369 208 3442 Ὠαρίων
239 3367 372 3437 producta
402 3367 489 3421 vocali
522 3391 529 3419 ι
557 3370 757 3432 Ἰααεοῑονίίρς
786 3367 909 3421 uinclum
937 3372 1105 3429 Πανίῑονίς
1133 3369 1285 3437 Ὑαερίὀνα

85 3459 163 3522 -ίορς
183 3454 317 3523 Κρονίων
336 3456 457 3522 (quaten
480 3454 643 3526 Κρονῖωνος
663 3476 690 3506 -ι
711 3455 827 3519 sexies>;
846 3454 977 3508 Eumelus
996 3455 1160 3524 Ὑαερίονος
1181 3456 1212 3508 ir.
1232 3463 1284 3523 2‚3

83 3543 186 3597 Kinkel
199 3559 224 3609 p.
240 3548 296 3607 188,
317 3543 398 3596 Asius
417 3541 525 3594 Samius
544 3541 700 3610 Ἀμρῖονος
720 3541 753 3593 ir.
767 3547 813 3605 1,1
835 3539 936 3593 Kinkcl
956 3556 980 3606 p.
993 3546 1056 3608 20³3
1076 3541 1188 3610 Sappho
1208 3543 1240 3598 ir.
1252 3550 1285 3597 88

84 3632 269 3695 [leudicam
288 3628 458 3682 Stesichorus
472 3636 496 3695 8,
512 3634 524 3681 1
539 3631 747 3696 Ὑπεριονίδας,
767 3629 866 3696 Ibycus
883 3635 921 3692 16,
935 3633 949 3679 2
964 3630 1111 3688 Μολιόνας
1131 3629 1175 3693 (ci.
1189 3638 1286 3683 contra

83 3717 244 3788 Ἒρμῖόνρ);
279 3716 413 3769 Pindarus
448 3720 558 3784 praeter
589 3718 756 3774 Ἰατιεήονίς
788 3713 892 3771 Ἰξῗονα
923 3713 1071 3774 Μολίονες
1097 3717 1285 3776 Ταλαῐονίδας

82 3802 280 3872 Ὑυερῐονίιλλις
300 3803 328 3858 P.
349 3803 387 3854 IV
409 3808 458 3853 118
477 3801 608 3871 Ἐχίονα,
627 3811 739 3868 praeiet·
764 3799 932 3855 Δευκαλῖων
956 3801 1078 3870 Ὠαρίων
1104 3802 1284 3874 ῙΙορρυρὶων

84 3891 123 3957 (P.
144 3891 210 3943 Vlll
232 3891 274 3955 12)
300 3890 331 3942 N.
352 3889 402 3941 Vll
427 3897 458 3940 18
480 3887 611 3957 Θεαρῖων
637 3889 679 3944 Ol.
699 3889 764 3941 Vlll
788 3893 819 3940 81
842 3887 952 3958 hoium,
980 3890 1008 3941 Ρ.
1028 3890 1049 3945 1.
1071 3895 1109 3941 11.
1140 3890 1172 3942 N.
1194 3889 1230 3941 lll
1254 3896 1284 3943 19

84 3985 217 4048 Κρονίων
236 3986 362 4044 porrecta
382 3976 560 4044 paenultima,
580 3976 722 4043 qrrinquies
744 3975 866 4029 breviata
886 3978 977 4045 (Cypr.
997 3984 1020 4041 6,
1042 3984 1057 4029 ο
1076 3993 1101 4043 ρ,
1122 3983 1155 4029 84
1175 3982 1206 4041 1).

157 4083 176 4147 ⁸)
196 4081 302 4134 helian.
322 4080 383 4136 hist.
404 4095 447 4134 an.
467 4080 520 4133 ΧΠ
540 4087 572 4131 ln
592 4080 693 4146 (Bergk
713 4079 781 4136 Pu·
801 4079 841 4132 Ill
863 4084 907 4143 19)
928 4079 975 4135 all.
1013 4082 1081 4134 Mihi
1102 4100 1155 4137 non
1175 4092 1284 4138 constat

85 4166 119 4220 de
138 4168 199 4235 equi
219 4173 357 4239 Ἀρείονος
376 4165 513 4237 (Ἀρίονος
531 4167 588 4225 all.)
608 4169 724 4221 nomine.
746 4165 898 4220 Conlatum
916 4168 1019 4221 vasculi
1037 4171 1145 4224 corinth
1173 4175 1285 4245 opifer

85 4253 153 4307 Ooll.
174 4271 214 4312 nr.
235 4255 354 4323 31360).

157 4360 177 4423 ‘l
195 4358 269 4414 Korn
289 4359 375 4428 Orph.
394 4368 445 4415 etc.
466 4363 594 4427 theogon.
614 4367 647 4412 60
666 4377 704 4427 sq.

157 4471 176 4516 ⁵l
198 4463 319 4535 Ἐχίονα
344 4464 519 4519 Pindaricum
544 4467 598 4520 iam
625 4467 840 4519 commemorari.
880 4466 1068 4536 ’11χ’1ιιννΕιιο.
1095 4468 1194 4522 Bacch.
1220 4470 1284 4522 aies.

137 4560 272 4610 Schulzo,
288 4562 437 4610 Quaestionem
453 4565 535 4609 apicus.
1079 4559 1120 4622 20
