2940 5026
688 214 904 281 ..12-

197 401 325 468 silentio
348 403 417 470 fere
439 409 646 486 praeteream
675 405 897 487 coniecturas
927 405 1044 487 quibus
1067 404 1150 471 Fick
1172 407 1396 488 compluribus

197 508 276 574 locis
310 509 476 575 veteribus
510 527 575 574 nou
610 509 766 574 exaudita
799 510 1021 591 productionis
1055 509 1210 575 metricae
1245 512 1398 594 exempla

197 613 421 679 recentissima
458 617 590 677 moneta
627 631 784 693 percussa
822 614 903 680 satis
937 613 1167 695 intempestive
1208 613 1242 679 in
1277 620 1397 697 poetae

197 718 300 786 verba
321 716 441 796 intulit,
465 715 684 781 excusationis
700 735 765 782 non
789 724 879 800 eget:
905 718 1030 783 discere
1053 719 1131 799 quid
1150 717 1273 784 licitum
1296 718 1398 785 fuerit

197 820 274 902 quid
296 820 443 886 illicitum
467 839 508 884 ex
532 820 656 885 tradita
686 822 862 887 carminum
894 822 1014 901 forma,
1046 841 1109 887 non
1135 842 1152 885 e
1176 822 1394 890 recentiorum

197 925 402 1008 opinionibus
425 944 530 990 meum
554 925 679 1006 putavi.
712 925 869 991 Omnibus
892 945 994 1007 prope
1017 926 1158 1006 quaeda
1182 928 1396 1006 productione

197 1029 334 1095 metrica
355 1028 460 1109 iisque
482 1030 580 1094 rebus
604 1048 688 1109 quae
712 1028 840 1095 viucrdo
865 1030 1004 1110 quodam
1024 1048 1095 1094 oum
1120 1031 1181 1094 hac
1204 1031 1396 1111 quaestione

197 1133 388 1199 coniunctae
431 1139 509 1198 sunt
545 1133 707 1198 disserere
744 1134 776 1199 in
816 1135 922 1200 animo
946 1143 1038 1226 erat
1074 1135 1193 1201 litteris
1231 1136 1396 1202 mandatis

196 1237 328 1303 tandem
371 1237 510 1320 condgit
546 1237 623 1303 mihi
661 1245 698 1304 ut
735 1239 795 1305 viri
834 1239 866 1305 in
905 1239 1016 1320 primis
1051 1240 1248 1322 suspiciendi
1282 1241 1324 1305 Η.
1355 1241 1395 1306 L.

197 1343 339 1409 Abreusi
367 1343 512 1409 libellum
542 1343 583 1408 de
614 1343 843 1425 coniugatione
874 1345 1047 1409 verborum
1077 1343 1110 1408 in
1143 1373 1196 1425 -ιιι
1218 1345 1395 1425 homerica,

196 1448 252 1529 qui
286 1467 371 1514 anno
408 1451 491 1514 1838
532 1447 653 1529 prodiit
689 1446 785 1513 hodie
822 1454 859 1511 ut
889 1447 1018 1515 videtur
1048 1455 1108 1515 aut
1135 1449 1306 1532 neglectus
1335 1458 1397 1516 aut

197 1552 283 1633 quod
317 1551 409 1633 peius
440 1558 492 1617 est
521 1552 591 1617 sine
620 1551 749 1617 nomine
772 1551 969 1632 exscriptus,
993 1556 1150 1632 tanquam
1172 1551 1296 1620 fontem
1320 1573 1395 1622 sero

195 1655 363 1722 inventum
399 1660 433 1720 et
469 1655 716 1722 fundamentum
753 1656 853 1720 totius
887 1655 1087 1736 quaestionis
1126 1656 1218 1722 adire
1252 1677 1393 1740 possem.

196 1757 255 1823 Cui
279 1760 541 1826 commentationi
562 1760 677 1826 addita
692 1765 768 1826 sunt
784 1757 946 1840 quaedam
961 1760 1002 1824 de
1019 1760 1231 1840 productione
1247 1764 1394 1841 metrica,

196 1880 260 1934 uon
283 1870 351 1929 tam
374 1864 462 1930 iusta
484 1865 769 1948 argumentatione
792 1871 945 1945 pertexta
976 1882 1072 1944 quam
1104 1868 1203 1931 verbo
1228 1885 1292 1932 uno
1316 1868 1394 1948 qnid

196 1967 334 2035 sentiret
357 1976 472 2035 auctor
493 1968 673 2035 indicantia
695 2008 738 2018 --
751 1968 970 2035 'contuentur
997 1967 1115 2050 exiguo
1139 1969 1277 2036 duarum
1301 1972 1394 2055 pagi-

195 2090 310 2140 narum
342 2073 464 2140 ambitu
498 2112 554 2153 -—‚
590 2092 727 2155 quorum
757 2073 930 2139 maximam
965 2078 1091 2153 partem
1125 2071 1173 2137 ita
1206 2091 1278 2139 cum
1313 2075 1395 2141 meis

195 2195 376 2261 congruere
399 2179 511 2262 video,
540 2185 577 2244 ut
605 2180 666 2244 boc
695 2195 854 2244 consensu
883 2176 988 2242 fretus
1017 2175 1081 2241 iam
1112 2177 1328 2244 confidentius
1352 2217 1393 2228 -

195 2286 310 2364 utpote
339 2300 462 2348 memor
491 2300 602 2348 eorum
633 2299 717 2362 qnae
747 2278 932 2361 Xenophon
966 2281 1041 2362 περὶ
1071 2281 1202 2369 ἱππικῆς
1233 2302 1393 2351 commen·

195 2391 325 2460 taturus
362 2385 566 2473 praefatur)
606 2425 645 2433 —
689 2385 944 2467 disputationem
987 2404 1091 2451 meam
1134 2387 1394 2470 qualemcunque

195 2507 306 2557 eorum
321 2491 376 2571 qui
399 2489 510 2573 legere
525 2490 638 2556 volent
661 2490 761 2556 oculis
778 2496 876 2569 atque
899 2488 1016 2554 iudicio
1033 2491 1180 2557 subicere
1204 2492 1391 2581 aggrediar.

194 2594 278 2658 Nam
300 2613 342 2658 ne
369 2602 445 2674 post
475 2594 628 2660 Ahrensii
658 2594 787 2675 quidem
818 2611 966 2674 operam.
982 2600 1058 2659 acta
1087 2614 1139 2660 me
1170 2595 1277 2678 egisse
1307 2597 1394 2663 hunc

194 2697 299 2763 locum
333 2698 386 2778 qui
422 2717 461 2762 ex
495 2698 550 2762 illo
585 2706 748 2779 tempore,
766 2696 946 2762 miserrime
979 2698 1149 2779 neglectus
1180 2703 1214 2763 et
1250 2699 1393 2767 incultus

193 2801 281 2867 iacet
308 2820 378 2866 cum
410 2820 489 2867 cura
519 2805 753 2866 retractantem
782 2799 977 2876 concedent,
1012 2800 1075 2864 nisi
1106 2801 1238 2884 egregie
1266 2802 1393 2870 fallitur

195 2905 338 2987 animm,
374 2923 510 2985 quorum
541 2905 582 2969 de
612 2905 709 2970 rebus
740 2903 782 2969 ad
814 2921 954 2985 graecae
984 2904 1115 2986 linguae
1146 2907 1391 2988 grammaticam

193 3007 432 3090 pertinentibus
456 3008 653 3074 existimatio
675 3016 726 3075 est
750 3048 788 3055 -
813 3008 913 3074 etiam
937 3008 963 3073 si
979 3009 1064 3073 forte
1087 3008 1165 3074 nihil
1182 3008 1271 3076 aliud
1295 3029 1392 3091 quam

194 3111 362 3177 conamine
396 3132 467 3177 meo
501 3112 727 3178 instructiores
760 3114 794 3178 in
828 3131 977 3194 campum
1011 3113 1176 3179 desertum
1209 3132 1392 3196 evocavere

194 3221 228 3280 et
250 3234 318 3282 rem
342 3218 456 3284 melius
479 3218 765 3284 administraturus
788 3219 830 3285 ad
854 3220 1076 3300 quaestionem
1101 3221 1391 3303 redintegrandam

193 3326 228 3385 et
250 3320 417 3402 aspirante
440 3323 536 3388 Musa
558 3322 795 3407 profligandam
819 3323 1015 3391 excitavero.

280 3426 318 3490 In
353 3427 413 3492 has
447 3447 529 3508 quas
563 3427 784 3510 disputatione
817 3428 1031 3495 illustrandas
1066 3448 1300 3513 proposueram
1338 3451 1392 3499 res

192 3530 368 3611 inquirenti
391 3530 602 3614 perexiguum
627 3533 852 3598 tantummodo
880 3533 957 3625 mihi
983 3534 1075 3600 licuit
1098 3535 1253 3602 auxilinm
1276 3545 1392 3619 petere

193 3635 234 3699 ab
280 3634 424 3716 ipsorum
470 3640 618 3701 veterum
664 3636 734 3703 sive
779 3638 1064 3720 grammaticorum
1110 3639 1179 3708 sive
1224 3641 1393 3710 rhetorum

192 3876 219 3931 in
238 3877 290 3931 hoc
309 3884 336 3930 et
354 3877 382 3931 in
401 3876 522 3946 PolyaeIi
540 3866 637 3932 comici
656 3879 832 3943 ὑψιπέιᾶλος
861 3881 963 3937 comm.
990 3881 1073 3936 Attio
1099 3881 1177 3936 Kock
1201 3882 1213 3935 1
1235 3889 1284 3935 tea
1303 3883 1337 3937 fr.
1356 3889 1392 3950 t),

193 3962 227 4016 de
254 3963 294 4016 eis
321 3979 393 4032 quae
421 3964 559 4018 disserunt
587 3963 654 4019 Ficlr
682 3965 865 4034 GGA.1881‚
893 3973 958 4021 1432
984 3975 1012 4023 et
1032 3969 1127 4038 Smyth
1147 3975 1186 4023 E}
1203 3985 1228 4037 p.
1249 3974 1282 4022 22
1303 3968 1337 4024 da
1355 3973 1390 4036 η’-

193 4047 342 4112 νῒπιιπον,
370 4052 456 4116 ἐνῖπιί
484 4050 623 4105 vocabulis
652 4051 788 4119 obscuris,
816 4051 849 4107 de
879 4054 1026 4124 Vogrinzio
1053 4056 1132 4111 Hom.
1159 4056 1277 4111 Gramm.
1305 4073 1332 4124 p.
1356 4062 1390 4111 81

192 4140 277 4203 ἤλιθα
295 4152 355 4190 cum
375 4132 437 4196 ἅλις
456 4145 644 4205 componente.

265 4224 284 4293 ¹)
304 4229 474 4296 Συνέγραψε
493 4229 550 4293 μὲν
570 4224 622 4280 οὖν
641 4234 687 4279 καὶ
715 4232 816 4296 Σίμων
844 4237 907 4303 περὶ
934 4232 1061 4295 ἱππικῆς·
1085 4259 1111 4267 -
1135 4234 1218 4300 ἡμεῖς
1238 4251 1269 4302 γε
1287 4239 1391 4302 μέντοι

193 4304 271 4371 ὅσοις
299 4313 491 4382 συνειύχομιν
525 4311 611 4366 radic}
646 4316 762 4384 γνόντες
788 4319 902 4387 ἐκείνῳ,
932 4320 982 4371 οὐκ
1008 4318 1194 4388 riaruqopru
1217 4324 1248 4372 ἐκ
1277 4323 1332 4373 rein
1356 4322 1390 4385 ἤ-

191 4404 328 4466 perper,
355 4395 425 4452 citici
450 4397 522 4452 πολὺ
549 4393 631 4465 ἥδιον
659 4400 870 4470 παραδώσομεν
902 4401 974 4457 curci
1004 4413 1063 4463 τοῖς
1090 4407 1197 4474 φίλοις,
1226 4409 1390 4478 νομίζοντος
1442 4467 1448 4479 ·

193 4484 422 4562 ἀξιοπιστότεροι
442 4484 526 4552 εἶναι,
546 4480 588 4543 ὅτι
607 4488 739 4548 adorirer
758 4489 829 4559 ιιιιιᾴ
851 4488 939 4545 ταύτὰ
962 4493 1030 4561 ἡμῖν
1050 4495 1131 4569 ἔγνω.
