<?xml version="1.0" encoding="UTF-8"?>
<!DOCTYPE html PUBLIC "-//W3C//DTD XHTML 1.0 Transitional//EN"
    "http://www.w3.org/TR/xhtml1/DTD/xhtml1-transitional.dtd">
<html xmlns="http://www.w3.org/1999/xhtml" xml:lang="en" lang="en">
 <head>
  <title>
</title>
<meta http-equiv="Content-Type" content="text/html;charset=utf-8" />
  <meta name='ocr-system' content='tesseract 3.04.00' />
  <meta name='ocr-capabilities' content='ocr_page ocr_carea ocr_par ocr_line ocrx_word'/>
</head>
<body>
  <div class='ocr_page' id='page_1' title='image "./quaestionesepca00schugoog_0095.png"; bbox 0 0 2940 5026; ppageno 0'>
   <div class='ocr_carea' id='block_1_1' title="bbox 703 176 917 241">
    <p class='ocr_par' dir='ltr' id='par_1_1' title="bbox 703 176 917 241">
     <span class='ocr_line' id='line_1_1' title="bbox 703 176 917 241; baseline -0.005 -20"><span class='ocrx_word' id='word_1_1' title='bbox 703 176 917 241; x_wconf 52' lang='grc' dir='ltr'>..82ῌ</span> 
     </span>
    </p>
   </div>
   <div class='ocr_carea' id='block_1_2' title="bbox 113 363 1408 4357">
    <p class='ocr_par' dir='ltr' id='par_1_2' title="bbox 205 363 1408 978">
     <span class='ocr_line' id='line_1_2' title="bbox 209 363 1408 450; baseline 0 -20"><span class='ocrx_word' id='word_1_2' title='bbox 209 373 225 430; x_wconf 78' lang='lat' dir='ltr'>t</span> <span class='ocrx_word' id='word_1_3' title='bbox 249 363 388 446; x_wconf 82' lang='lat' dir='ltr'>simplex</span> <span class='ocrx_word' id='word_1_4' title='bbox 415 383 456 430; x_wconf 85' lang='lat' dir='ltr'>ax</span> <span class='ocrx_word' id='word_1_5' title='bbox 487 366 627 446; x_wconf 87' lang='lat' dir='ltr'>positivo</span> <span class='ocrx_word' id='word_1_6' title='bbox 655 363 750 443; x_wconf 76' lang='grc' dir='ltr'>κᾶλος</span> <span class='ocrx_word' id='word_1_7' title='bbox 780 368 828 450; x_wconf 85' lang='lat'>(&lt;</span> <span class='ocrx_word' id='word_1_8' title='bbox 851 365 995 448; x_wconf 52' lang='grc' dir='ltr'>Ἄρηός)</span> <span class='ocrx_word' id='word_1_9' title='bbox 1028 369 1289 446; x_wconf 88' lang='lat' dir='ltr'>assumpserunt.</span> <span class='ocrx_word' id='word_1_10' title='bbox 1336 365 1408 431; x_wconf 89' lang='lat' dir='ltr'>Alc-</span> 
     </span>
     <span class='ocr_line' id='line_1_3' title="bbox 208 466 1408 556; baseline 0.003 -22"><span class='ocrx_word' id='word_1_11' title='bbox 208 467 312 534; x_wconf 88' lang='lat' dir='ltr'>manis</span> <span class='ocrx_word' id='word_1_12' title='bbox 342 468 444 533; x_wconf 75' lang='grc' dir='ltr'><strong><em>καλλά</em></strong></span> <span class='ocrx_word' id='word_1_13' title='bbox 476 467 586 554; x_wconf 90' lang='lat' dir='ltr'>(immo</span> <span class='ocrx_word' id='word_1_14' title='bbox 617 469 733 556; x_wconf 74' lang='grc' dir='ltr'>κόλλα)</span> <span class='ocrx_word' id='word_1_15' title='bbox 763 469 803 536; x_wconf 86' lang='lat' dir='ltr'>fr.</span> <span class='ocrx_word' id='word_1_16' title='bbox 828 472 869 535; x_wconf 88' lang='grc'>98</span> <span class='ocrx_word' id='word_1_17' title='bbox 893 467 1015 534; x_wconf 92' lang='lat' dir='ltr'>nomini</span> <span class='ocrx_word' id='word_1_18' title='bbox 1038 466 1074 535; x_wconf 74' lang='lat' dir='ltr'>ri</span> <span class='ocrx_word' id='word_1_19' title='bbox 1097 468 1211 546; x_wconf 76' lang='grc' dir='ltr'>κάλλος</span> <span class='ocrx_word' id='word_1_20' title='bbox 1234 471 1408 552; x_wconf 77' lang='lat' dir='ltr'>succrevit</span> 
     </span>
     <span class='ocr_line' id='line_1_4' title="bbox 207 571 1408 660; baseline 0.002 -21"><span class='ocrx_word' id='word_1_21' title='bbox 207 574 251 639; x_wconf 89' lang='lat' dir='ltr'>ad</span> <span class='ocrx_word' id='word_1_22' title='bbox 288 573 531 638; x_wconf 90' lang='lat' dir='ltr'>similitudinem</span> <span class='ocrx_word' id='word_1_23' title='bbox 568 574 798 640; x_wconf 85' lang='lat' dir='ltr'><strong>adverbiorum</strong></span> <span class='ocrx_word' id='word_1_24' title='bbox 838 572 939 657; x_wconf 82' lang='grc' dir='ltr'><em>τάχ-α</em></span> <span class='ocrx_word' id='word_1_25' title='bbox 979 571 1027 658; x_wconf 78' lang='grc' dir='ltr'>(τὸ</span> <span class='ocrx_word' id='word_1_26' title='bbox 1069 573 1179 658; x_wconf 77' lang='grc' dir='ltr'><em>τάχος)</em></span> <span class='ocrx_word' id='word_1_27' title='bbox 1217 574 1324 660; x_wconf 77' lang='grc' dir='ltr'><em>κάρτα</em></span> <span class='ocrx_word' id='word_1_28' title='bbox 1363 576 1408 657; x_wconf 75' lang='grc' dir='ltr'>(τὸ</span> 
     </span>
     <span class='ocr_line' id='line_1_5' title="bbox 207 672 1408 767; baseline 0.002 -23"><span class='ocrx_word' id='word_1_29' title='bbox 207 679 335 764; x_wconf 74' lang='grc' dir='ltr'>κάρτος)</span> <span class='ocrx_word' id='word_1_30' title='bbox 374 672 478 764; x_wconf 57' lang='grc' dir='ltr'>οἶκοι)</span> <span class='ocrx_word' id='word_1_31' title='bbox 518 677 566 757; x_wconf 79' lang='grc' dir='ltr'>(τὸ</span> <span class='ocrx_word' id='word_1_32' title='bbox 607 674 704 758; x_wconf 65' lang='grc' dir='ltr'><em>ὀἶκος</em></span> <span class='ocrx_word' id='word_1_33' title='bbox 742 681 776 746; x_wconf 84' lang='lat' dir='ltr'>ill</span> <span class='ocrx_word' id='word_1_34' title='bbox 815 680 973 767; x_wconf 74' lang='grc' dir='ltr'>ποδώκης)</span> <span class='ocrx_word' id='word_1_35' title='bbox 1013 686 1187 762; x_wconf 62' lang='lat' dir='ltr'>novatum</span> <span class='ocrx_word' id='word_1_36' title='bbox 1231 680 1274 745; x_wconf 79' lang='lat' dir='ltr'>cf.</span> <span class='ocrx_word' id='word_1_37' title='bbox 1311 681 1408 746; x_wconf 80' lang='lat' dir='ltr'>etiam</span> 
     </span>
     <span class='ocr_line' id='line_1_6' title="bbox 206 783 1406 867; baseline 0.001 -18"><span class='ocrx_word' id='word_1_38' title='bbox 206 785 336 850; x_wconf 82' lang='lat' dir='ltr'>Ahrens</span> <span class='ocrx_word' id='word_1_39' title='bbox 365 783 594 867; x_wconf 81' lang='lat'>1.1.11102;</span> <span class='ocrx_word' id='word_1_40' title='bbox 627 786 670 850; x_wconf 89' lang='lat' dir='ltr'>ad</span> <span class='ocrx_word' id='word_1_41' title='bbox 693 785 891 852; x_wconf 91' lang='lat' dir='ltr'>adiectivum</span> <span class='ocrx_word' id='word_1_42' title='bbox 922 784 1020 863; x_wconf 77' lang='grc' dir='ltr'><strong><em>κᾰλός</em></strong></span> <span class='ocrx_word' id='word_1_43' title='bbox 1047 790 1136 850; x_wconf 89' lang='lat' dir='ltr'>certe</span> <span class='ocrx_word' id='word_1_44' title='bbox 1159 803 1225 850; x_wconf 96' lang='lat' dir='ltr'>non</span> <span class='ocrx_word' id='word_1_45' title='bbox 1253 784 1406 866; x_wconf 87' lang='lat' dir='ltr'>pertinet</span> 
     </span>
     <span class='ocr_line' id='line_1_7' title="bbox 205 889 970 978; baseline 0.003 -23"><span class='ocrx_word' id='word_1_46' title='bbox 205 891 442 977; x_wconf 69' lang='lat' dir='ltr'>aadir&#39;opvpocs</span> <span class='ocrx_word' id='word_1_47' title='bbox 465 889 580 967; x_wconf 81' lang='grc' dir='ltr'><em>κάλλος</em></span> <span class='ocrx_word' id='word_1_48' title='bbox 602 921 624 944; x_wconf 97' lang='lat'><strong><em>=</em></strong></span> <span class='ocrx_word' id='word_1_49' title='bbox 649 892 844 978; x_wconf 75' lang='grc' dir='ltr'><em>Κοδιγένηςτ</em></span> <span class='ocrx_word' id='word_1_50' title='bbox 867 896 970 968; x_wconf 80' lang='grc' dir='ltr'><em>κῦδος.</em></span> 
     </span>
    </p>

    <p class='ocr_par' dir='ltr' id='par_1_3' title="bbox 201 991 1407 2234">
     <span class='ocr_line' id='line_1_8' title="bbox 294 991 1405 1077; baseline 0 -18"><span class='ocrx_word' id='word_1_51' title='bbox 294 992 410 1071; x_wconf 73' lang='grc' dir='ltr'>πολλός</span> <span class='ocrx_word' id='word_1_52' title='bbox 444 993 499 1073; x_wconf 85' lang='lat' dir='ltr'>qui</span> <span class='ocrx_word' id='word_1_53' title='bbox 529 1014 550 1060; x_wconf 91' lang='lat' dir='ltr'>a</span> <span class='ocrx_word' id='word_1_54' title='bbox 581 993 675 1072; x_wconf 74' lang='grc' dir='ltr'><em>πολύς</em></span> <span class='ocrx_word' id='word_1_55' title='bbox 705 1000 864 1076; x_wconf 85' lang='lat' dir='ltr'>separant</span> <span class='ocrx_word' id='word_1_56' title='bbox 894 1000 1029 1060; x_wconf 91' lang='lat' dir='ltr'>etcum</span> <span class='ocrx_word' id='word_1_57' title='bbox 1060 991 1273 1077; x_wconf 68' lang='lat' dir='ltr'>semperne</span> <span class='ocrx_word' id='word_1_58' title='bbox 1305 1013 1405 1077; x_wconf 86' lang='lat' dir='ltr'>germ.</span> 
     </span>
     <span class='ocr_line' id='line_1_9' title="bbox 205 1095 1406 1180; baseline 0.002 -18"><span class='ocrx_word' id='word_1_59' title='bbox 205 1095 287 1178; x_wconf 81' lang='lat' dir='ltr'>folio</span> <span class='ocrx_word' id='word_1_60' title='bbox 319 1096 368 1162; x_wconf 90' lang='lat' dir='ltr'>lit.</span> <span class='ocrx_word' id='word_1_61' title='bbox 396 1095 508 1179; x_wconf 74' lang='lat' dir='ltr'>pilitus</span> <span class='ocrx_word' id='word_1_62' title='bbox 538 1097 739 1180; x_wconf 85' lang='lat' dir='ltr'>coniungunt</span> <span class='ocrx_word' id='word_1_63' title='bbox 772 1098 888 1163; x_wconf 89' lang='lat' dir='ltr'>merito</span> <span class='ocrx_word' id='word_1_64' title='bbox 918 1098 1145 1180; x_wconf 84' lang='lat' dir='ltr'>improbantur</span> <span class='ocrx_word' id='word_1_65' title='bbox 1177 1117 1198 1162; x_wconf 90' lang='lat' dir='ltr'>a</span> <span class='ocrx_word' id='word_1_66' title='bbox 1228 1097 1406 1165; x_wconf 87' lang='lat' dir='ltr'>Schmidtio</span> 
     </span>
     <span class='ocr_line' id='line_1_10' title="bbox 206 1201 1407 1287; baseline 0.002 -20"><span class='ocrx_word' id='word_1_67' title='bbox 206 1201 257 1267; x_wconf 91' lang='lat' dir='ltr'>oui</span> <span class='ocrx_word' id='word_1_68' title='bbox 279 1201 350 1283; x_wconf 90' lang='lat' dir='ltr'>ipse</span> <span class='ocrx_word' id='word_1_69' title='bbox 373 1207 484 1270; x_wconf 88' lang='lat' dir='ltr'>tamen</span> <span class='ocrx_word' id='word_1_70' title='bbox 507 1223 572 1270; x_wconf 91' lang='lat' dir='ltr'>non</span> <span class='ocrx_word' id='word_1_71' title='bbox 602 1205 707 1287; x_wconf 85' lang='lat' dir='ltr'>magis</span> <span class='ocrx_word' id='word_1_72' title='bbox 734 1205 891 1270; x_wconf 81' lang='lat' dir='ltr'>accedere</span> <span class='ocrx_word' id='word_1_73' title='bbox 921 1221 1053 1285; x_wconf 88' lang='lat' dir='ltr'>possum</span> <span class='ocrx_word' id='word_1_74' title='bbox 1085 1203 1204 1280; x_wconf 78' lang='grc' dir='ltr'>πολλάς</span> <span class='ocrx_word' id='word_1_75' title='bbox 1226 1222 1245 1268; x_wconf 92' lang='lat' dir='ltr'>e</span> <span class='ocrx_word' id='word_1_76' title='bbox 1270 1202 1407 1286; x_wconf 61' lang='lat' dir='ltr'>*notfdg</span> 
     </span>
     <span class='ocr_line' id='line_1_11' title="bbox 204 1296 1406 1393; baseline 0.003 -22"><span class='ocrx_word' id='word_1_77' title='bbox 204 1307 378 1389; x_wconf 83' lang='lat' dir='ltr'>repetenti.</span> <span class='ocrx_word' id='word_1_78' title='bbox 418 1309 573 1376; x_wconf 86' lang='lat' dir='ltr'>Formam</span> <span class='ocrx_word' id='word_1_79' title='bbox 595 1310 687 1376; x_wconf 93' lang='lat' dir='ltr'>initio</span> <span class='ocrx_word' id='word_1_80' title='bbox 711 1296 857 1375; x_wconf 82' lang='lat' dir='ltr'>feminini</span> <span class='ocrx_word' id='word_1_81' title='bbox 879 1309 1010 1393; x_wconf 84' lang='lat' dir='ltr'>generis</span> <span class='ocrx_word' id='word_1_82' title='bbox 1033 1308 1198 1391; x_wconf 81' lang='lat' dir='ltr'>propriam</span> <span class='ocrx_word' id='word_1_83' title='bbox 1221 1309 1312 1375; x_wconf 90' lang='lat' dir='ltr'>haud</span> <span class='ocrx_word' id='word_1_84' title='bbox 1333 1328 1406 1375; x_wconf 87' lang='lat' dir='ltr'>raro</span> 
     </span>
     <span class='ocr_line' id='line_1_12' title="bbox 203 1410 1407 1498; baseline 0.003 -22"><span class='ocrx_word' id='word_1_85' title='bbox 203 1410 238 1476; x_wconf 92' lang='lat' dir='ltr'>in</span> <span class='ocrx_word' id='word_1_86' title='bbox 271 1412 487 1480; x_wconf 86' lang='lat' dir='ltr'>masculinum</span> <span class='ocrx_word' id='word_1_87' title='bbox 518 1415 691 1481; x_wconf 82' lang='lat' dir='ltr'>transferri</span> <span class='ocrx_word' id='word_1_88' title='bbox 721 1420 775 1479; x_wconf 88' lang='lat' dir='ltr'>sat</span> <span class='ocrx_word' id='word_1_89' title='bbox 804 1413 915 1479; x_wconf 87' lang='lat' dir='ltr'>multis</span> <span class='ocrx_word' id='word_1_90' title='bbox 945 1412 1103 1494; x_wconf 84' lang='lat' dir='ltr'>exemplis</span> <span class='ocrx_word' id='word_1_91' title='bbox 1132 1413 1309 1498; x_wconf 54' lang='lat' dir='ltr'>constare)</span> <span class='ocrx_word' id='word_1_92' title='bbox 1358 1414 1407 1480; x_wconf 85' lang='lat' dir='ltr'>Sic</span> 
     </span>
     <span class='ocr_line' id='line_1_13' title="bbox 205 1515 1407 1601; baseline 0.004 -21"><span class='ocrx_word' id='word_1_93' title='bbox 205 1519 272 1598; x_wconf 88' lang='lat' dir='ltr'>got.</span> <span class='ocrx_word' id='word_1_94' title='bbox 297 1515 438 1600; x_wconf 70' lang='lat' dir='ltr'>bmosjm</span> <span class='ocrx_word' id='word_1_95' title='bbox 462 1517 598 1584; x_wconf 82' lang='lat' dir='ltr'>‘Eltern&#39;</span> <span class='ocrx_word' id='word_1_96' title='bbox 623 1525 682 1584; x_wconf 89' lang='lat' dir='ltr'>att.</span> <span class='ocrx_word' id='word_1_97' title='bbox 712 1522 808 1586; x_wconf 80' lang='grc' dir='ltr'><em>ἰουῖοι</em></span> <span class='ocrx_word' id='word_1_98' title='bbox 837 1520 942 1586; x_wconf 92' lang='lat' dir='ltr'>lacon.</span> <span class='ocrx_word' id='word_1_99' title='bbox 973 1521 1077 1601; x_wconf 64' lang='grc' dir='ltr'><em>βίοιο</em></span> <span class='ocrx_word' id='word_1_100' title='bbox 1110 1519 1267 1584; x_wconf 83' lang='lat' dir='ltr'>exhibent</span> <span class='ocrx_word' id='word_1_101' title='bbox 1296 1519 1407 1585; x_wconf 84' lang='lat' dir='ltr'>termi-</span> 
     </span>
     <span class='ocr_line' id='line_1_14' title="bbox 202 1620 1407 1707; baseline 0.003 -21"><span class='ocrx_word' id='word_1_102' title='bbox 202 1620 369 1687; x_wconf 86' lang='lat' dir='ltr'>nationem</span> <span class='ocrx_word' id='word_1_103' title='bbox 392 1621 580 1689; x_wconf 84' lang='lat' dir='ltr'>femininam</span> <span class='ocrx_word' id='word_1_104' title='bbox 597 1624 640 1689; x_wconf 89' lang='lat' dir='ltr'>ad</span> <span class='ocrx_word' id='word_1_105' title='bbox 663 1626 877 1691; x_wconf 89' lang='lat' dir='ltr'>mascnlinum</span> <span class='ocrx_word' id='word_1_106' title='bbox 899 1624 1106 1690; x_wconf 89' lang='lat' dir='ltr'>translatam.</span> <span class='ocrx_word' id='word_1_107' title='bbox 1136 1625 1251 1707; x_wconf 74' lang='grc' dir='ltr'><em>ἓταρος</em></span> <span class='ocrx_word' id='word_1_108' title='bbox 1267 1624 1407 1690; x_wconf 85' lang='lat' dir='ltr'>nominis</span> 
     </span>
     <span class='ocr_line' id='line_1_15' title="bbox 201 1724 1405 1813; baseline 0.002 -22"><span class='ocrx_word' id='word_1_109' title='bbox 201 1724 311 1791; x_wconf 80' lang='lat' dir='ltr'>femin.</span> <span class='ocrx_word' id='word_1_110' title='bbox 338 1733 412 1793; x_wconf 74' lang='lat' dir='ltr'>erat</span> <span class='ocrx_word' id='word_1_111' title='bbox 435 1727 568 1812; x_wconf 65' lang='lat' dir='ltr'>*Srnpja</span> <span class='ocrx_word' id='word_1_112' title='bbox 592 1759 625 1787; x_wconf 91' lang='lat'><strong>&gt;</strong></span> <span class='ocrx_word' id='word_1_113' title='bbox 650 1728 792 1813; x_wconf 64' lang='lat' dir='ltr'>*irarpm</span> <span class='ocrx_word' id='word_1_114' title='bbox 822 1729 909 1795; x_wconf 79' lang='lat' dir='ltr'>unde</span> <span class='ocrx_word' id='word_1_115' title='bbox 932 1728 1054 1794; x_wconf 74' lang='lat' dir='ltr'>factum</span> <span class='ocrx_word' id='word_1_116' title='bbox 1078 1727 1241 1796; x_wconf 76' lang='lat' dir='ltr'>novicium</span> <span class='ocrx_word' id='word_1_117' title='bbox 1266 1729 1405 1810; x_wconf 79' lang='grc' dir='ltr'><em>ἓταιρος,</em></span> 
     </span>
     <span class='ocr_line' id='line_1_16' title="bbox 202 1830 1405 1919; baseline 0 -23"><span class='ocrx_word' id='word_1_118' title='bbox 202 1830 254 1896; x_wconf 92' lang='lat' dir='ltr'>cui</span> <span class='ocrx_word' id='word_1_119' title='bbox 287 1835 489 1913; x_wconf 90' lang='lat' dir='ltr'>postremum</span> <span class='ocrx_word' id='word_1_120' title='bbox 523 1832 643 1899; x_wconf 81' lang='lat' dir='ltr'>Graeci</span> <span class='ocrx_word' id='word_1_121' title='bbox 676 1832 785 1899; x_wconf 85' lang='lat' dir='ltr'>femin.</span> <span class='ocrx_word' id='word_1_122' title='bbox 821 1832 936 1918; x_wconf 62' lang='lat' dir='ltr'>{vaips}</span> <span class='ocrx_word' id='word_1_123' title='bbox 970 1832 1167 1898; x_wconf 83' lang='lat' dir='ltr'>affinxerunt</span> <span class='ocrx_word' id='word_1_124' title='bbox 1199 1830 1405 1919; x_wconf 87' lang='lat' dir='ltr'>(Bezzenh.).</span> 
     </span>
     <span class='ocr_line' id='line_1_17' title="bbox 201 1933 1405 2017; baseline 0.002 -17"><span class='ocrx_word' id='word_1_125' title='bbox 201 1935 295 2001; x_wconf 90' lang='lat' dir='ltr'>Idem</span> <span class='ocrx_word' id='word_1_126' title='bbox 317 1935 371 2002; x_wconf 85' lang='lat' dir='ltr'>fac</span> <span class='ocrx_word' id='word_1_127' title='bbox 394 1937 544 2004; x_wconf 89' lang='lat' dir='ltr'>evenisse</span> <span class='ocrx_word' id='word_1_128' title='bbox 566 1938 600 2004; x_wconf 90' lang='lat' dir='ltr'>in</span> <span class='ocrx_word' id='word_1_129' title='bbox 616 1937 779 2006; x_wconf 89' lang='lat' dir='ltr'>adiectivo</span> <span class='ocrx_word' id='word_1_130' title='bbox 804 1937 911 2017; x_wconf 72' lang='grc' dir='ltr'>πολύς,</span> <span class='ocrx_word' id='word_1_131' title='bbox 936 1937 1027 2002; x_wconf 89' lang='lat' dir='ltr'>cuius</span> <span class='ocrx_word' id='word_1_132' title='bbox 1043 1936 1118 2002; x_wconf 90' lang='lat' dir='ltr'>fem.</span> <span class='ocrx_word' id='word_1_133' title='bbox 1141 1935 1205 2001; x_wconf 91' lang='lat' dir='ltr'>rite</span> <span class='ocrx_word' id='word_1_134' title='bbox 1226 1933 1405 2003; x_wconf 87' lang='lat' dir='ltr'>formatum</span> 
     </span>
     <span class='ocr_line' id='line_1_18' title="bbox 202 2036 1406 2126; baseline 0.002 -21"><span class='ocrx_word' id='word_1_135' title='bbox 202 2045 276 2106; x_wconf 78' lang='lat' dir='ltr'>erat</span> <span class='ocrx_word' id='word_1_136' title='bbox 298 2039 450 2124; x_wconf 73' lang='lat' dir='ltr'>*noifr‘dt</span> <span class='ocrx_word' id='word_1_137' title='bbox 481 2041 632 2126; x_wconf 68' lang='lat' dir='ltr'>*uoifjdg</span> <span class='ocrx_word' id='word_1_138' title='bbox 655 2072 688 2099; x_wconf 94' lang='lat'><strong>&gt;</strong></span> <span class='ocrx_word' id='word_1_139' title='bbox 711 2038 858 2125; x_wconf 66' lang='lat' dir='ltr'>*notfp&#39;rie</span> <span class='ocrx_word' id='word_1_140' title='bbox 883 2041 1035 2125; x_wconf 71' lang='lat' dir='ltr'>*noifjdg</span> <span class='ocrx_word' id='word_1_141' title='bbox 1057 2071 1091 2098; x_wconf 91' lang='lat'>&gt;</span> <span class='ocrx_word' id='word_1_142' title='bbox 1114 2036 1248 2124; x_wconf 55' lang='lat' dir='ltr'>*uoijc‘rr</span> <span class='ocrx_word' id='word_1_143' title='bbox 1273 2040 1406 2125; x_wconf 57' lang='grc' dir='ltr'>4*πολρᾶς</span> 
     </span>
     <span class='ocr_line' id='line_1_19' title="bbox 202 2143 846 2234; baseline 0.003 -24"><span class='ocrx_word' id='word_1_144' title='bbox 202 2174 234 2203; x_wconf 87' lang='grc'><strong>&gt;</strong></span> <span class='ocrx_word' id='word_1_145' title='bbox 258 2143 401 2213; x_wconf 62' lang='grc' dir='ltr'>4’ττολλοῖτ</span> <span class='ocrx_word' id='word_1_146' title='bbox 424 2154 544 2225; x_wconf 74' lang='grc' dir='ltr'>πολλοῖς</span> <span class='ocrx_word' id='word_1_147' title='bbox 567 2147 645 2233; x_wconf 84' lang='lat' dir='ltr'>(ion.</span> <span class='ocrx_word' id='word_1_148' title='bbox 670 2151 811 2234; x_wconf 76' lang='grc' dir='ltr'>πολλῆς).</span> <span class='ocrx_word' id='word_1_149' title='bbox 822 2147 846 2229; x_wconf 77' lang='lat'>³)</span> 
     </span>
    </p>

    <p class='ocr_par' dir='ltr' id='par_1_4' title="bbox 198 2242 1408 3174">
     <span class='ocr_line' id='line_1_20' title="bbox 288 2242 1408 2336; baseline -0.003 -19"><span class='ocrx_word' id='word_1_150' title='bbox 288 2251 317 2317; x_wconf 82' lang='grc' dir='ltr'>Ε</span> <span class='ocrx_word' id='word_1_151' title='bbox 347 2251 486 2317; x_wconf 77' lang='lat' dir='ltr'>flexione</span> <span class='ocrx_word' id='word_1_152' title='bbox 524 2249 632 2316; x_wconf 80' lang='lat' dir='ltr'>femin.</span> <span class='ocrx_word' id='word_1_153' title='bbox 667 2247 787 2316; x_wconf 62' lang='grc' dir='ltr'><em>’πολλᾶ</em></span> <span class='ocrx_word' id='word_1_154' title='bbox 819 2255 938 2327; x_wconf 78' lang='grc' dir='ltr'><em>πολλᾶς</em></span> <span class='ocrx_word' id='word_1_155' title='bbox 975 2255 1077 2336; x_wconf 77' lang='grc' dir='ltr'><em>πολλᾷ</em></span> <span class='ocrx_word' id='word_1_156' title='bbox 1108 2242 1247 2312; x_wconf 57' lang='lat' dir='ltr'>*noticia</span> <span class='ocrx_word' id='word_1_157' title='bbox 1287 2249 1408 2314; x_wconf 70' lang='grc' dir='ltr'>πολλαί</span> 
     </span>
     <span class='ocr_line' id='line_1_21' title="bbox 201 2350 1403 2437; baseline -0.001 -16"><span class='ocrx_word' id='word_1_158' title='bbox 201 2353 349 2422; x_wconf 72' lang='grc' dir='ltr'>πολλάων</span> <span class='ocrx_word' id='word_1_159' title='bbox 386 2362 463 2422; x_wconf 88' lang='lat' dir='ltr'>cett.</span> <span class='ocrx_word' id='word_1_160' title='bbox 501 2354 654 2422; x_wconf 86' lang='lat' dir='ltr'>facillime</span> <span class='ocrx_word' id='word_1_161' title='bbox 689 2374 844 2421; x_wconf 90' lang='lat' dir='ltr'>emanare</span> <span class='ocrx_word' id='word_1_162' title='bbox 878 2359 1057 2437; x_wconf 87' lang='lat' dir='ltr'>potuerunt</span> <span class='ocrx_word' id='word_1_163' title='bbox 1090 2350 1244 2434; x_wconf 86' lang='lat' dir='ltr'>analogia</span> <span class='ocrx_word' id='word_1_164' title='bbox 1278 2362 1403 2422; x_wconf 89' lang='lat' dir='ltr'>novata</span> 
     </span>
     <span class='ocr_line' id='line_1_22' title="bbox 201 2455 1402 2545; baseline -0.002 -18"><span class='ocrx_word' id='word_1_165' title='bbox 201 2479 300 2527; x_wconf 92' lang='lat' dir='ltr'>masc.</span> <span class='ocrx_word' id='word_1_166' title='bbox 324 2464 430 2527; x_wconf 91' lang='lat' dir='ltr'>neutr.</span> <span class='ocrx_word' id='word_1_167' title='bbox 464 2465 584 2524; x_wconf 66' lang='lat' dir='ltr'>notter]</span> <span class='ocrx_word' id='word_1_168' title='bbox 614 2464 721 2545; x_wconf 72' lang='grc' dir='ltr'><em>πολλῷ</em></span> <span class='ocrx_word' id='word_1_169' title='bbox 752 2458 869 2523; x_wconf 74' lang='grc' dir='ltr'>πολλοί</span> <span class='ocrx_word' id='word_1_170' title='bbox 895 2462 1022 2521; x_wconf 68' lang='grc' dir='ltr'>πολλῶν</span> <span class='ocrx_word' id='word_1_171' title='bbox 1054 2455 1155 2521; x_wconf 74' lang='grc' dir='ltr'><em>πολλά</em></span> <span class='ocrx_word' id='word_1_172' title='bbox 1185 2459 1281 2538; x_wconf 88' lang='lat' dir='ltr'>oett.;</span> <span class='ocrx_word' id='word_1_173' title='bbox 1320 2476 1402 2538; x_wconf 88' lang='lat' dir='ltr'>quae</span> 
     </span>
     <span class='ocr_line' id='line_1_23' title="bbox 199 2558 1400 2645; baseline -0.002 -15"><span class='ocrx_word' id='word_1_174' title='bbox 199 2563 324 2632; x_wconf 86' lang='lat' dir='ltr'>formae</span> <span class='ocrx_word' id='word_1_175' title='bbox 348 2585 421 2631; x_wconf 90' lang='lat' dir='ltr'>cum</span> <span class='ocrx_word' id='word_1_176' title='bbox 451 2563 589 2645; x_wconf 91' lang='lat' dir='ltr'>primum</span> <span class='ocrx_word' id='word_1_177' title='bbox 616 2563 650 2628; x_wconf 92' lang='lat' dir='ltr'>in</span> <span class='ocrx_word' id='word_1_178' title='bbox 677 2561 838 2628; x_wconf 90' lang='lat' dir='ltr'>communi</span> <span class='ocrx_word' id='word_1_179' title='bbox 860 2561 950 2629; x_wconf 86' lang='lat' dir='ltr'>vitae</span> <span class='ocrx_word' id='word_1_180' title='bbox 973 2558 1209 2626; x_wconf 87' lang='lat' dir='ltr'>consuetudine</span> <span class='ocrx_word' id='word_1_181' title='bbox 1232 2559 1400 2627; x_wconf 86' lang='lat' dir='ltr'>civitatem</span> 
     </span>
     <span class='ocr_line' id='line_1_24' title="bbox 200 2663 1401 2752; baseline -0.003 -16"><span class='ocrx_word' id='word_1_182' title='bbox 200 2670 342 2752; x_wconf 87' lang='lat' dir='ltr'>adeptae</span> <span class='ocrx_word' id='word_1_183' title='bbox 373 2674 466 2750; x_wconf 88' lang='lat' dir='ltr'>sunt,</span> <span class='ocrx_word' id='word_1_184' title='bbox 498 2687 573 2733; x_wconf 83' lang='lat' dir='ltr'>mox</span> <span class='ocrx_word' id='word_1_185' title='bbox 606 2667 842 2734; x_wconf 88' lang='lat' dir='ltr'>nominativum</span> <span class='ocrx_word' id='word_1_186' title='bbox 874 2663 976 2732; x_wconf 68' lang='lat' dir='ltr'>notari</span> <span class='ocrx_word' id='word_1_187' title='bbox 1011 2663 1140 2751; x_wconf 72' lang='grc' dir='ltr'>(πολλή)</span> <span class='ocrx_word' id='word_1_188' title='bbox 1176 2666 1401 2734; x_wconf 79' lang='lat' dir='ltr'>accusativum</span> 
     </span>
     <span class='ocr_line' id='line_1_25' title="bbox 200 2769 1401 2859; baseline -0.002 -20"><span class='ocrx_word' id='word_1_189' title='bbox 200 2773 320 2840; x_wconf 68' lang='lat' dir='ltr'>notario</span> <span class='ocrx_word' id='word_1_190' title='bbox 352 2771 501 2859; x_wconf 70' lang='grc' dir='ltr'>(πολλήν)</span> <span class='ocrx_word' id='word_1_191' title='bbox 532 2772 665 2837; x_wconf 87' lang='lat' dir='ltr'>trahere</span> <span class='ocrx_word' id='word_1_192' title='bbox 696 2771 881 2837; x_wconf 90' lang='lat' dir='ltr'>debuerunt</span> <span class='ocrx_word' id='word_1_193' title='bbox 911 2776 945 2836; x_wconf 91' lang='lat' dir='ltr'>et</span> <span class='ocrx_word' id='word_1_194' title='bbox 973 2770 1007 2835; x_wconf 94' lang='lat' dir='ltr'>in</span> <span class='ocrx_word' id='word_1_195' title='bbox 1037 2770 1142 2835; x_wconf 89' lang='lat' dir='ltr'>locum</span> <span class='ocrx_word' id='word_1_196' title='bbox 1171 2769 1401 2852; x_wconf 85' lang='lat' dir='ltr'>indigenarum</span> 
     </span>
     <span class='ocr_line' id='line_1_26' title="bbox 199 2874 1400 2959; baseline -0.005 -15"><span class='ocrx_word' id='word_1_197' title='bbox 199 2876 321 2944; x_wconf 67' lang='lat' dir='ltr'>*noted</span> <span class='ocrx_word' id='word_1_198' title='bbox 345 2874 486 2943; x_wconf 67' lang='lat' dir='ltr'>*nottho</span> <span class='ocrx_word' id='word_1_199' title='bbox 509 2894 590 2958; x_wconf 88' lang='lat' dir='ltr'>quos</span> <span class='ocrx_word' id='word_1_200' title='bbox 614 2876 767 2959; x_wconf 87' lang='lat' dir='ltr'>analogia</span> <span class='ocrx_word' id='word_1_201' title='bbox 790 2877 895 2943; x_wconf 83' lang='lat' dir='ltr'>nunus</span> <span class='ocrx_word' id='word_1_202' title='bbox 918 2875 1168 2942; x_wconf 88' lang='lat' dir='ltr'>commendabat</span> <span class='ocrx_word' id='word_1_203' title='bbox 1190 2874 1400 2941; x_wconf 86' lang='lat' dir='ltr'>substituere.</span> 
     </span>
     <span class='ocr_line' id='line_1_27' title="bbox 198 2978 1400 3068; baseline -0.005 -18"><span class='ocrx_word' id='word_1_204' title='bbox 198 2983 327 3062; x_wconf 71' lang='grc' dir='ltr'><em>λοιπόςτ</em></span> <span class='ocrx_word' id='word_1_205' title='bbox 352 2982 462 3068; x_wconf 77' lang='grc' dir='ltr'><em>λοιπή,</em></span> <span class='ocrx_word' id='word_1_206' title='bbox 494 2980 608 3058; x_wconf 57' lang='lat' dir='ltr'>nonde:</span> <span class='ocrx_word' id='word_1_207' title='bbox 639 2981 718 3067; x_wconf 71' lang='grc' dir='ltr'><strong><em>κακή</em></strong></span> <span class='ocrx_word' id='word_1_208' title='bbox 743 2987 777 3046; x_wconf 79' lang='lat' dir='ltr'>et</span> <span class='ocrx_word' id='word_1_209' title='bbox 799 2980 971 3046; x_wconf 82' lang='lat' dir='ltr'>innumera</span> <span class='ocrx_word' id='word_1_210' title='bbox 994 2978 1059 3045; x_wconf 80' lang='lat' dir='ltr'>alia</span> <span class='ocrx_word' id='word_1_211' title='bbox 1081 3007 1103 3033; x_wconf 95' lang='lat'>=</span> <span class='ocrx_word' id='word_1_212' title='bbox 1126 2982 1245 3043; x_wconf 78' lang='grc' dir='ltr'><em>πολλοῦ</em></span> <span class='ocrx_word' id='word_1_213' title='bbox 1270 2980 1400 3044; x_wconf 80' lang='grc' dir='ltr'>πολλο1’.·</span> 
     </span>
     <span class='ocr_line' id='line_1_28' title="bbox 198 3085 725 3174; baseline -0.006 -20"><span class='ocrx_word' id='word_1_214' title='bbox 198 3107 236 3171; x_wconf 80' lang='lat' dir='ltr'>x;</span> <span class='ocrx_word' id='word_1_215' title='bbox 260 3107 283 3154; x_wconf 86' lang='lat' dir='ltr'><strong>x</strong></span> <span class='ocrx_word' id='word_1_216' title='bbox 304 3118 327 3142; x_wconf 94' lang='lat'>=</span> <span class='ocrx_word' id='word_1_217' title='bbox 350 3087 451 3174; x_wconf 72' lang='grc' dir='ltr'><em>πολλή</em></span> <span class='ocrx_word' id='word_1_218' title='bbox 477 3085 532 3172; x_wconf 81' lang='lat' dir='ltr'>(ef.</span> <span class='ocrx_word' id='word_1_219' title='bbox 557 3091 621 3167; x_wconf 74' lang='lat' dir='ltr'>oro,</span> <span class='ocrx_word' id='word_1_220' title='bbox 647 3086 725 3173; x_wconf 75' lang='grc' dir='ltr'>δι’ᾱ).</span> 
     </span>
    </p>

    <p class='ocr_par' dir='ltr' id='par_1_5' title="bbox 113 3239 1398 4286">
     <span class='ocr_line' id='line_1_29' title="bbox 271 3239 1398 3316; baseline -0.004 -18"><span class='ocrx_word' id='word_1_221' title='bbox 271 3246 290 3312; x_wconf 84' lang='lat'>¹)</span> <span class='ocrx_word' id='word_1_222' title='bbox 310 3245 360 3298; x_wconf 89' lang='lat' dir='ltr'>His</span> <span class='ocrx_word' id='word_1_223' title='bbox 387 3262 449 3299; x_wconf 91' lang='lat' dir='ltr'>cum</span> <span class='ocrx_word' id='word_1_224' title='bbox 475 3243 617 3300; x_wconf 85' lang='lat' dir='ltr'>adieetivis</span> <span class='ocrx_word' id='word_1_225' title='bbox 645 3245 730 3313; x_wconf 69' lang='grc' dir='ltr'><em>ταχύς</em></span> <span class='ocrx_word' id='word_1_226' title='bbox 758 3239 862 3316; x_wconf 72' lang='grc' dir='ltr'><em>κριούς</em></span> <span class='ocrx_word' id='word_1_227' title='bbox 891 3243 964 3301; x_wconf 79' lang='grc' dir='ltr'><em>ω’κύς</em></span> <span class='ocrx_word' id='word_1_228' title='bbox 989 3240 1059 3295; x_wconf 90' lang='lat' dir='ltr'>nihil</span> <span class='ocrx_word' id='word_1_229' title='bbox 1083 3239 1160 3294; x_wconf 84' lang='lat' dir='ltr'>aliud</span> <span class='ocrx_word' id='word_1_230' title='bbox 1184 3255 1330 3301; x_wconf 86' lang='lat' dir='ltr'>commune</span> <span class='ocrx_word' id='word_1_231' title='bbox 1359 3249 1398 3295; x_wconf 87' lang='lat' dir='ltr'>est</span> 
     </span>
     <span class='ocr_line' id='line_1_30' title="bbox 197 3328 1398 3406; baseline -0.001 -23"><span class='ocrx_word' id='word_1_232' title='bbox 197 3345 279 3399; x_wconf 86' lang='lat' dir='ltr'>quam</span> <span class='ocrx_word' id='word_1_233' title='bbox 312 3331 399 3386; x_wconf 86' lang='lat' dir='ltr'>radix.</span> <span class='ocrx_word' id='word_1_234' title='bbox 443 3332 515 3387; x_wconf 87' lang='lat' dir='ltr'>Nam</span> <span class='ocrx_word' id='word_1_235' title='bbox 546 3335 637 3406; x_wconf 73' lang='grc' dir='ltr'><em>κάρτα</em></span> <span class='ocrx_word' id='word_1_236' title='bbox 667 3347 682 3385; x_wconf 88' lang='lat' dir='ltr'>e</span> <span class='ocrx_word' id='word_1_237' title='bbox 710 3333 830 3400; x_wconf 68' lang='lat' dir='ltr'>*xaprfo</span> <span class='ocrx_word' id='word_1_238' title='bbox 858 3329 991 3397; x_wconf 80' lang='lat' dir='ltr'>explicari</span> <span class='ocrx_word' id='word_1_239' title='bbox 1021 3328 1093 3396; x_wconf 87' lang='lat' dir='ltr'>quod</span> <span class='ocrx_word' id='word_1_240' title='bbox 1124 3328 1249 3383; x_wconf 85' lang='lat' dir='ltr'>fecerunt</span> <span class='ocrx_word' id='word_1_241' title='bbox 1278 3329 1398 3384; x_wconf 84' lang='lat' dir='ltr'>Mahlov</span> 
     </span>
     <span class='ocr_line' id='line_1_31' title="bbox 197 3416 1398 3491; baseline -0.002 -19"><span class='ocrx_word' id='word_1_242' title='bbox 197 3416 272 3472; x_wconf 78' lang='lat' dir='ltr'>Alco</span> <span class='ocrx_word' id='word_1_243' title='bbox 298 3422 329 3472; x_wconf 83' lang='grc'><strong>13</strong></span> <span class='ocrx_word' id='word_1_244' title='bbox 355 3419 419 3474; x_wconf 81' lang='lat' dir='ltr'>Joh.</span> <span class='ocrx_word' id='word_1_245' title='bbox 446 3420 570 3474; x_wconf 84' lang='lat' dir='ltr'>Schmidt</span> <span class='ocrx_word' id='word_1_246' title='bbox 596 3418 756 3473; x_wconf 86' lang='lat' dir='ltr'>Plurolhild.</span> <span class='ocrx_word' id='word_1_247' title='bbox 783 3423 885 3472; x_wconf 79' lang='lat' dir='ltr'>etati</span> <span class='ocrx_word' id='word_1_248' title='bbox 911 3424 1006 3472; x_wconf 83' lang='lat' dir='ltr'>vetant</span> <span class='ocrx_word' id='word_1_249' title='bbox 1029 3422 1165 3491; x_wconf 76' lang='grc' dir='ltr'><em>τέσσαρες</em></span> <span class='ocrx_word' id='word_1_250' title='bbox 1189 3419 1307 3472; x_wconf 74' lang='grc' dir='ltr'>ἄλεισον</span> <span class='ocrx_word' id='word_1_251' title='bbox 1330 3423 1398 3470; x_wconf 82' lang='grc' dir='ltr'><strong>σε1ω</strong></span> 
     </span>
     <span class='ocr_line' id='line_1_32' title="bbox 196 3504 1397 3578; baseline 0 -20"><span class='ocrx_word' id='word_1_252' title='bbox 196 3505 281 3574; x_wconf 83' lang='grc' dir='ltr'><em>σορός</em></span> <span class='ocrx_word' id='word_1_253' title='bbox 300 3504 361 3573; x_wconf 80' lang='lat' dir='ltr'>(oo,</span> <span class='ocrx_word' id='word_1_254' title='bbox 382 3525 399 3560; x_wconf 87' lang='grc' dir='ltr'><em>ο</em></span> <span class='ocrx_word' id='word_1_255' title='bbox 417 3523 432 3562; x_wconf 89' lang='lat' dir='ltr'>e</span> <span class='ocrx_word' id='word_1_256' title='bbox 451 3512 500 3578; x_wconf 64' lang='lat' dir='ltr'>vg).</span> <span class='ocrx_word' id='word_1_257' title='bbox 538 3509 639 3576; x_wconf 86' lang='lat' dir='ltr'>Legem</span> <span class='ocrx_word' id='word_1_258' title='bbox 665 3522 735 3575; x_wconf 86' lang='lat' dir='ltr'>quae</span> <span class='ocrx_word' id='word_1_259' title='bbox 753 3507 873 3573; x_wconf 86' lang='lat' dir='ltr'>migrare</span> <span class='ocrx_word' id='word_1_260' title='bbox 891 3505 1028 3572; x_wconf 84' lang='lat' dir='ltr'>videntur,</span> <span class='ocrx_word' id='word_1_261' title='bbox 1047 3504 1174 3558; x_wconf 85' lang='lat' dir='ltr'>idoneam</span> <span class='ocrx_word' id='word_1_262' title='bbox 1192 3504 1397 3558; x_wconf 77' lang='lat' dir='ltr'>excusationem</span> 
     </span>
     <span class='ocr_line' id='line_1_33' title="bbox 135 3588 1398 3669; baseline 0 -24"><span class='ocrx_word' id='word_1_263' title='bbox 135 3588 139 3595; x_wconf 57' lang='grc'><strong>’</strong></span> <span class='ocrx_word' id='word_1_264' title='bbox 194 3590 308 3650; x_wconf 84' lang='lat' dir='ltr'>habent.</span> <span class='ocrx_word' id='word_1_265' title='bbox 344 3593 375 3648; x_wconf 90' lang='lat' dir='ltr'>In</span> <span class='ocrx_word' id='word_1_266' title='bbox 401 3602 513 3669; x_wconf 73' lang='grc' dir='ltr'><em>τέτρασι</em></span> <span class='ocrx_word' id='word_1_267' title='bbox 540 3602 670 3665; x_wconf 73' lang='grc' dir='ltr'>τέτρατος</span> <span class='ocrx_word' id='word_1_268' title='bbox 696 3600 797 3665; x_wconf 78' lang='grc' dir='ltr'><em>τέτρο-</em></span> <span class='ocrx_word' id='word_1_269' title='bbox 816 3611 836 3664; x_wconf 72' lang='lat' dir='ltr'><strong><em>f</em></strong></span> <span class='ocrx_word' id='word_1_270' title='bbox 861 3593 987 3647; x_wconf 82' lang='lat' dir='ltr'>consonis</span> <span class='ocrx_word' id='word_1_271' title='bbox 1014 3592 1111 3646; x_wconf 83' lang='lat' dir='ltr'>elisum</span> <span class='ocrx_word' id='word_1_272' title='bbox 1137 3596 1194 3660; x_wconf 49' lang='grc' dir='ltr'>θεὴ</span> <span class='ocrx_word' id='word_1_273' title='bbox 1219 3589 1256 3646; x_wconf 89' lang='lat' dir='ltr'>ad</span> <span class='ocrx_word' id='word_1_274' title='bbox 1282 3608 1398 3660; x_wconf 83' lang='lat' dir='ltr'>quorum</span> 
     </span>
     <span class='ocr_line' id='line_1_34' title="bbox 195 3679 1397 3753; baseline 0.002 -22"><span class='ocrx_word' id='word_1_275' title='bbox 195 3679 354 3746; x_wconf 77' lang='lat' dir='ltr'>analogiam</span> <span class='ocrx_word' id='word_1_276' title='bbox 369 3681 573 3737; x_wconf 83' lang='lat' dir='ltr'>accommodata</span> <span class='ocrx_word' id='word_1_277' title='bbox 589 3689 653 3736; x_wconf 77' lang='lat' dir='ltr'>scrut</span> <span class='ocrx_word' id='word_1_278' title='bbox 673 3688 804 3753; x_wconf 75' lang='grc' dir='ltr'><em>τέταρτος</em></span> <span class='ocrx_word' id='word_1_279' title='bbox 823 3680 1013 3749; x_wconf 77' lang='grc' dir='ltr'><em>τετορτίκοντο</em></span> <span class='ocrx_word' id='word_1_280' title='bbox 1026 3679 1120 3747; x_wconf 60' lang='lat' dir='ltr'>argit,</span> <span class='ocrx_word' id='word_1_281' title='bbox 1140 3689 1301 3752; x_wconf 75' lang='grc' dir='ltr'><em>τεταρταῖος</em></span> <span class='ocrx_word' id='word_1_282' title='bbox 1320 3681 1397 3748; x_wconf 62' lang='lat' dir='ltr'>aeui„</span> 
     </span>
     <span class='ocr_line' id='line_1_35' title="bbox 195 3764 1397 3841; baseline 0.002 -22"><span class='ocrx_word' id='word_1_283' title='bbox 195 3769 387 3841; x_wconf 76' lang='grc' dir='ltr'><em>ταρτημόριον</em></span> <span class='ocrx_word' id='word_1_284' title='bbox 406 3776 434 3823; x_wconf 88' lang='lat' dir='ltr'>et</span> <span class='ocrx_word' id='word_1_285' title='bbox 453 3767 573 3823; x_wconf 85' lang='lat' dir='ltr'>fortasse</span> <span class='ocrx_word' id='word_1_286' title='bbox 593 3767 778 3821; x_wconf 86' lang='lat' dir='ltr'>nominativus</span> <span class='ocrx_word' id='word_1_287' title='bbox 791 3781 898 3835; x_wconf 88' lang='lat' dir='ltr'>quoque</span> <span class='ocrx_word' id='word_1_288' title='bbox 917 3773 1036 3840; x_wconf 77' lang='grc' dir='ltr'><em>τέτορες.</em></span> <span class='ocrx_word' id='word_1_289' title='bbox 1060 3764 1093 3818; x_wconf 89' lang='lat' dir='ltr'>In</span> <span class='ocrx_word' id='word_1_290' title='bbox 1111 3764 1164 3820; x_wconf 93' lang='lat' dir='ltr'>hoo</span> <span class='ocrx_word' id='word_1_291' title='bbox 1176 3773 1271 3820; x_wconf 89' lang='lat' dir='ltr'>tamen</span> <span class='ocrx_word' id='word_1_292' title='bbox 1290 3783 1397 3822; x_wconf 81' lang='lat' dir='ltr'>sumere</span> 
     </span>
     <span class='ocr_line' id='line_1_36' title="bbox 194 3851 1397 3928; baseline -0.002 -20"><span class='ocrx_word' id='word_1_293' title='bbox 194 3854 289 3910; x_wconf 90' lang='lat' dir='ltr'>licebit</span> <span class='ocrx_word' id='word_1_294' title='bbox 302 3876 322 3928; x_wconf 71' lang='lat' dir='ltr'><em>J</em></span> <span class='ocrx_word' id='word_1_295' title='bbox 346 3859 505 3924; x_wconf 84' lang='lat' dir='ltr'>insequente</span> <span class='ocrx_word' id='word_1_296' title='bbox 532 3875 547 3908; x_wconf 92' lang='lat' dir='ltr'>o</span> <span class='ocrx_word' id='word_1_297' title='bbox 572 3853 659 3909; x_wconf 87' lang='lat' dir='ltr'>vocali</span> <span class='ocrx_word' id='word_1_298' title='bbox 684 3853 764 3921; x_wconf 87' lang='lat' dir='ltr'>quasi</span> <span class='ocrx_word' id='word_1_299' title='bbox 783 3854 942 3920; x_wconf 86' lang='lat' dir='ltr'>absorptum</span> <span class='ocrx_word' id='word_1_300' title='bbox 962 3851 1046 3906; x_wconf 78' lang='lat' dir='ltr'>fuisse</span> <span class='ocrx_word' id='word_1_301' title='bbox 1070 3852 1229 3920; x_wconf 85' lang='lat' dir='ltr'>priusquam</span> <span class='ocrx_word' id='word_1_302' title='bbox 1255 3868 1288 3922; x_wconf 65' lang='lat' dir='ltr'>rs</span> <span class='ocrx_word' id='word_1_303' title='bbox 1309 3853 1339 3906; x_wconf 91' lang='lat' dir='ltr'>in</span> <span class='ocrx_word' id='word_1_304' title='bbox 1362 3869 1397 3906; x_wconf 89' lang='grc' dir='ltr'>σσ</span> 
     </span>
     <span class='ocr_line' id='line_1_37' title="bbox 113 3938 1396 4014; baseline -0.001 -19"><span class='ocrx_word' id='word_1_305' title='bbox 113 3943 115 3948; x_wconf 85' lang='grc'><strong>“</strong></span> <span class='ocrx_word' id='word_1_306' title='bbox 194 3944 298 3997; x_wconf 84' lang='lat' dir='ltr'>mutari</span> <span class='ocrx_word' id='word_1_307' title='bbox 329 3953 455 4010; x_wconf 89' lang='lat' dir='ltr'>coeptum</span> <span class='ocrx_word' id='word_1_308' title='bbox 486 3950 566 3997; x_wconf 83' lang='lat' dir='ltr'>esset.</span> <span class='ocrx_word' id='word_1_309' title='bbox 613 3948 725 4014; x_wconf 72' lang='grc' dir='ltr'><em>τέτορες</em></span> <span class='ocrx_word' id='word_1_310' title='bbox 756 3939 939 3994; x_wconf 85' lang='lat' dir='ltr'>nominativus</span> <span class='ocrx_word' id='word_1_311' title='bbox 970 3955 1024 4007; x_wconf 85' lang='lat' dir='ltr'>quo</span> <span class='ocrx_word' id='word_1_312' title='bbox 1054 3940 1137 3994; x_wconf 83' lang='lat' dir='ltr'>etiam</span> <span class='ocrx_word' id='word_1_313' title='bbox 1166 3938 1332 3994; x_wconf 83' lang='lat' dir='ltr'>Simonides</span> <span class='ocrx_word' id='word_1_314' title='bbox 1352 3942 1396 4009; x_wconf 89' lang='lat' dir='ltr'>qui</span> 
     </span>
     <span class='ocr_line' id='line_1_38' title="bbox 194 4025 1397 4101; baseline 0.002 -21"><span class='ocrx_word' id='word_1_315' title='bbox 194 4026 282 4082; x_wconf 83' lang='lat' dir='ltr'>sertor</span> <span class='ocrx_word' id='word_1_316' title='bbox 301 4044 365 4083; x_wconf 83' lang='lat' dir='ltr'>usus</span> <span class='ocrx_word' id='word_1_317' title='bbox 383 4037 426 4083; x_wconf 86' lang='lat' dir='ltr'>est</span> <span class='ocrx_word' id='word_1_318' title='bbox 445 4027 576 4082; x_wconf 90' lang='lat' dir='ltr'>Herodot.</span> <span class='ocrx_word' id='word_1_319' title='bbox 597 4028 715 4080; x_wconf 77' lang='grc'><strong>1111228</strong></span> <span class='ocrx_word' id='word_1_320' title='bbox 734 4051 767 4069; x_wconf 93' lang='lat'>=</span> <span class='ocrx_word' id='word_1_321' title='bbox 786 4025 821 4080; x_wconf 85' lang='lat' dir='ltr'>ir.</span> <span class='ocrx_word' id='word_1_322' title='bbox 838 4027 916 4080; x_wconf 77' lang='lat' dir='ltr'><strong>91B⁴</strong></span> <span class='ocrx_word' id='word_1_323' title='bbox 934 4025 1080 4094; x_wconf 81' lang='lat' dir='ltr'>progenuit</span> <span class='ocrx_word' id='word_1_324' title='bbox 1099 4027 1255 4093; x_wconf 82' lang='lat' dir='ltr'>genetivum</span> <span class='ocrx_word' id='word_1_325' title='bbox 1275 4029 1397 4101; x_wconf 79' lang='grc' dir='ltr'><em>τετόρων</em></span> 
     </span>
     <span class='ocr_line' id='line_1_39' title="bbox 194 4111 1395 4182; baseline 0.002 -15"><span class='ocrx_word' id='word_1_326' title='bbox 194 4129 273 4181; x_wconf 91' lang='lat' dir='ltr'>quem</span> <span class='ocrx_word' id='word_1_327' title='bbox 299 4113 405 4167; x_wconf 87' lang='lat' dir='ltr'>habent</span> <span class='ocrx_word' id='word_1_328' title='bbox 429 4129 525 4169; x_wconf 81' lang='lat' dir='ltr'>versus</span> <span class='ocrx_word' id='word_1_329' title='bbox 550 4113 658 4168; x_wconf 85' lang='lat' dir='ltr'>Musaei</span> <span class='ocrx_word' id='word_1_330' title='bbox 682 4113 817 4169; x_wconf 72' lang='lat' dir='ltr'>alcidem.</span> <span class='ocrx_word' id='word_1_331' title='bbox 832 4111 939 4182; x_wconf 84' lang='lat' dir='ltr'>¹Odyss.</span> <span class='ocrx_word' id='word_1_332' title='bbox 960 4116 992 4166; x_wconf 77' lang='lat'>25</span> <span class='ocrx_word' id='word_1_333' title='bbox 1017 4114 1165 4182; x_wconf 80' lang='grc' dir='ltr'><em>(τεττόρων</em></span> <span class='ocrx_word' id='word_1_334' title='bbox 1190 4111 1251 4170; x_wconf 89' lang='lat' dir='ltr'>cod.</span> <span class='ocrx_word' id='word_1_335' title='bbox 1276 4113 1395 4170; x_wconf 83' lang='lat' dir='ltr'>Palatio.</span> 
     </span>
     <span class='ocr_line' id='line_1_40' title="bbox 192 4199 1395 4286; baseline 0.004 -31"><span class='ocrx_word' id='word_1_336' title='bbox 192 4201 308 4256; x_wconf 81' lang='lat' dir='ltr'>Hermes</span> <span class='ocrx_word' id='word_1_337' title='bbox 332 4201 452 4270; x_wconf 74' lang='grc'><strong>11211),</strong></span> <span class='ocrx_word' id='word_1_338' title='bbox 479 4201 591 4272; x_wconf 82' lang='lat' dir='ltr'>Phocyl.</span> <span class='ocrx_word' id='word_1_339' title='bbox 611 4201 643 4255; x_wconf 89' lang='lat' dir='ltr'>sr.</span> <span class='ocrx_word' id='word_1_340' title='bbox 663 4207 688 4270; x_wconf 83' lang='lat'>3,</span> <span class='ocrx_word' id='word_1_341' title='bbox 711 4210 737 4270; x_wconf 86' lang='lat'>1,</span> <span class='ocrx_word' id='word_1_342' title='bbox 763 4201 883 4256; x_wconf 91' lang='lat' dir='ltr'>doricum</span> <span class='ocrx_word' id='word_1_343' title='bbox 910 4202 1079 4286; x_wconf 79' lang='lat' dir='ltr'>epigramma</span> <span class='ocrx_word' id='word_1_344' title='bbox 1105 4199 1204 4255; x_wconf 86' lang='lat' dir='ltr'>Kaihel</span> <span class='ocrx_word' id='word_1_345' title='bbox 1230 4218 1271 4256; x_wconf 89' lang='lat' dir='ltr'>ur.</span> <span class='ocrx_word' id='word_1_346' title='bbox 1293 4209 1354 4272; x_wconf 82' lang='lat'><strong>568,</strong></span> <span class='ocrx_word' id='word_1_347' title='bbox 1371 4210 1395 4261; x_wconf 80' lang='grc'>6.</span> 
     </span>
    </p>

    <p class='ocr_par' dir='ltr' id='par_1_6' title="bbox 266 4287 780 4357">
     <span class='ocr_line' id='line_1_41' title="bbox 266 4287 780 4357; baseline 0.002 -15"><span class='ocrx_word' id='word_1_348' title='bbox 266 4288 286 4357; x_wconf 83' lang='lat'>¹)</span> <span class='ocrx_word' id='word_1_349' title='bbox 306 4287 369 4343; x_wconf 88' lang='lat' dir='ltr'>Joh.</span> <span class='ocrx_word' id='word_1_350' title='bbox 390 4287 514 4342; x_wconf 88' lang='lat' dir='ltr'>Schmidt</span> <span class='ocrx_word' id='word_1_351' title='bbox 531 4288 590 4345; x_wconf 88' lang='lat' dir='ltr'>KZ.</span> <span class='ocrx_word' id='word_1_352' title='bbox 610 4289 701 4344; x_wconf 87' lang='lat' dir='ltr'>XXVI</span> <span class='ocrx_word' id='word_1_353' title='bbox 721 4295 780 4343; x_wconf 81' lang='lat' dir='ltr'>ata.</span> 
     </span>
    </p>
   </div>
   <div class='ocr_carea' id='block_1_3' title="bbox 192 4373 1395 4536">
    <p class='ocr_par' dir='ltr' id='par_1_7' title="bbox 192 4373 1395 4536">
     <span class='ocr_line' id='line_1_42' title="bbox 263 4373 1395 4445; baseline 0 -15"><span class='ocrx_word' id='word_1_354' title='bbox 263 4377 285 4442; x_wconf 67' lang='grc'>8)</span> <span class='ocrx_word' id='word_1_355' title='bbox 305 4375 346 4431; x_wconf 82' lang='lat' dir='ltr'>Cf.</span> <span class='ocrx_word' id='word_1_356' title='bbox 366 4377 479 4440; x_wconf 78' lang='grc' dir='ltr'>πότνια,</span> <span class='ocrx_word' id='word_1_357' title='bbox 500 4375 641 4430; x_wconf 67' lang='grc' dir='ltr'>δέσποινα</span> <span class='ocrx_word' id='word_1_358' title='bbox 660 4391 675 4429; x_wconf 85' lang='lat' dir='ltr'>a</span> <span class='ocrx_word' id='word_1_359' title='bbox 693 4375 837 4444; x_wconf 70' lang='grc' dir='ltr'><em>’-ττοττςτά.</em></span> <span class='ocrx_word' id='word_1_360' title='bbox 856 4403 891 4410; x_wconf 98' lang='grc'><strong>-</strong></span> <span class='ocrx_word' id='word_1_361' title='bbox 904 4392 924 4444; x_wconf 74' lang='lat' dir='ltr'><em>J</em></span> <span class='ocrx_word' id='word_1_362' title='bbox 942 4373 1014 4428; x_wconf 86' lang='lat' dir='ltr'>inter</span> <span class='ocrx_word' id='word_1_363' title='bbox 1032 4376 1047 4426; x_wconf 78' lang='grc' dir='ltr'><strong><em>λ</em></strong></span> <span class='ocrx_word' id='word_1_364' title='bbox 1065 4380 1093 4428; x_wconf 83' lang='lat' dir='ltr'>et</span> <span class='ocrx_word' id='word_1_365' title='bbox 1103 4375 1123 4445; x_wconf 84' lang='lat' dir='ltr'><strong><em>j</em></strong></span> <span class='ocrx_word' id='word_1_366' title='bbox 1141 4375 1219 4443; x_wconf 81' lang='lat' dir='ltr'>quasi</span> <span class='ocrx_word' id='word_1_367' title='bbox 1236 4374 1395 4433; x_wconf 81' lang='lat' dir='ltr'>suffocatur.</span> 
     </span>
     <span class='ocr_line' id='line_1_43' title="bbox 192 4465 728 4536; baseline -0.004 -18"><span class='ocrx_word' id='word_1_368' title='bbox 192 4466 220 4536; x_wconf 62' lang='grc' dir='ltr'>λ]</span> <span class='ocrx_word' id='word_1_369' title='bbox 238 4485 271 4513; x_wconf 86' lang='grc'><strong>&gt;</strong></span> <span class='ocrx_word' id='word_1_370' title='bbox 290 4468 320 4518; x_wconf 77' lang='grc' dir='ltr'>λλ</span> <span class='ocrx_word' id='word_1_371' title='bbox 340 4473 370 4519; x_wconf 81' lang='lat' dir='ltr'>ut</span> <span class='ocrx_word' id='word_1_372' title='bbox 389 4466 416 4518; x_wconf 88' lang='lat' dir='ltr'>in</span> <span class='ocrx_word' id='word_1_373' title='bbox 437 4466 535 4518; x_wconf 67' lang='lat' dir='ltr'>arduo</span> <span class='ocrx_word' id='word_1_374' title='bbox 554 4465 598 4532; x_wconf 84' lang='lat' dir='ltr'>(ex</span> <span class='ocrx_word' id='word_1_375' title='bbox 618 4466 728 4531; x_wconf 75' lang='grc' dir='ltr'>τιῖολος).</span> 
     </span>
    </p>
   </div>
   <div class='ocr_carea' id='block_1_4' title="bbox 0 0 1474 5026">
    <p class='ocr_par' dir='ltr' id='par_1_8' title="bbox 0 0 1474 5026">
     <span class='ocr_line' id='line_1_44' title="bbox 0 0 1474 5026; baseline 0 4"><span class='ocrx_word' id='word_1_376' title='bbox 0 0 1474 5026; x_wconf 95' lang='lat' dir='ltr'> </span> 
     </span>
    </p>
   </div>
  </div>
 </body>
</html>
