2940 5026
692 186 927 249 -104-

299 376 460 441 Homerus
484 376 595 460 ῖχθὺοι
630 387 696 452 τοῖς
722 375 858 459 ὀλίγοισι
889 375 982 442 δόλον
1004 375 1085 441 κάτα
1120 378 1252 441 drr'lcru
1286 377 1411 458 βάλλων

212 501 284 546 cum
308 480 432 546 diceret
453 481 686 547 vocabulorum
709 479 918 546 similitudine
947 480 1054 547 lusum
1078 487 1231 563 captasse
1263 480 1409 565 videtur;

211 586 245 651 id
267 586 353 667 quod
377 587 418 651 ab
442 585 512 651 eius
534 585 643 650 indole
666 604 705 650 ac
727 603 817 650 more
839 584 970 652 minime
993 585 1192 671 abhorret.1)

270 795 308 858 B.
340 792 613 876 Etymologia
636 791 844 874 digamma
867 790 1169 859 oblitteratum
1193 796 1353 878 arguit.

300 936 328 997 1.
365 924 455 1009 οὖλος
464 931 492 1017 2)
514 960 536 985 =
559 936 618 996 att.
641 930 739 1017 ion.³)
772 928 844 1007 ὅλος
865 959 888 983 =
907 932 986 996 'sort
1017 951 1146 1014 servus,
1181 953 1246 999 osc.
1275 936 1407 1023 sollcrs‘)

211 1037 298 1119 quod
320 1037 515 1103 vocabulum
538 1037 565 1102 si
588 1041 719 1101 totum
743 1034 913 1118 significat
938 1053 979 1100 ex
1003 1034 1136 1117 *solves
1159 1037 1187 1102 si
1210 1040 1408 1123 solidum,

211 1162 253 1208 ex
275 1141 386 1206 soldos
406 1146 521 1207 natum
545 1159 617 1206 esse
640 1139 752 1221 liquet.
786 1133 877 1217 οὖλος
898 1139 1021 1223 legitur
1044 1144 1152 1225 9343.
1177 1172 1202 1208 ω
1229 1147 1291 1210 118
1317 1145 1364 1230 (b.
1380 1146 1409 1211 b.

212 1248 311 1313 Mero.
337 1248 409 1311 113.
436 1245 522 1330 131).

299 1352 329 1417 2.
366 1344 438 1416 οὖλε
468 1379 493 1415 ω
522 1353 586 1417 402
615 1350 660 1434 (h.
684 1351 715 1415 h.
739 1348 846 1432 Apoll.
871 1350 949 1437 466)
972 1381 995 1406 =
1016 1352 1074 1417 lat.
1098 1352 1225 1439 salver)
1273 1353 1411 1421 GraecIs

210 1457 290 1540 ipsis
315 1450 386 1523 οὖλε
408 1457 494 1522 idem
526 1462 599 1522 erat
628 1456 714 1536 quod
743 1453 882 1538 ὖγιόινε;
917 1454 956 1520 cf.
981 1462 1115 1537 praeter
1145 1449 1226 1523 alios
1258 1466 1411 1525 auctores

209 1562 295 1628 idem
318 1568 481 1628 testantes
504 1562 638 1627 Luciam
663 1579 722 1642 pro
745 1561 840 1642 lapsu
863 1560 950 1626 inter
973 1561 1182 1627 salutandum
1205 1582 1236 1644 p.
1263 1565 1340 1630 732.

297 1671 327 1734 3.
361 1667 530 1732 Numeros>
552 1666 716 1732 ordinales
747 1666 790 1730 ad
821 1667 857 1746 I,
890 1668 923 1748 8,
956 1656 992 1747 c,
1027 1668 1067 1732 10
1097 1667 1305 1749 pertinentes
1338 1671 1411 1736 olim

210 1771 324 1839 suffixo
348 1770 382 1837 -ό
403 1771 509 1838 factos
533 1790 606 1837 esse
629 1776 774 1838 constat:
808 1770 946 1858 *septipes
974 1769 1137 1855 *septulia
1154 1770 1308 1838 fetico:
1338 1774 1410 1840 *ολ-

211 1873 306 1942 tants.
332 1875 449 1961 *νεορρ-
473 1872 645 1961 *οηυοόεῦ
667 1876 754 1942 unde
769 1875 1044 1942 contaminatione
1069 1895 1143 1942 mox
1168 1876 1273 1962 *ηενρ
1297 1877 1412 1965 *eno-p,

211 1979 350 2047 *οοοοόν
374 1978 522 2046 *aemuia
547 1978 687 2066 *detqm-
710 1978 879 2067 *deligitis

281 2220 301 2287 1)
321 2217 453 2287 Lepidum
471 2216 552 2269 huius
571 2215 610 2270 rei
629 2216 784 2284 exemplum
802 2217 939 2284 praebent
957 2231 1052 2271 versus
1072 2223 1104 2270 ΙΙ
1124 2224 1172 2272 181
1193 2234 1252 2287 sqq.

418 2307 518 2357 adrium
537 2304 561 2356 δ’
580 2309 619 2363 εἰς
639 2304 742 2377 ὑπερῷ’
762 2303 873 2375 ἀναβὰς
892 2306 1062 2374 παρελέξοιο
1081 2307 1175 2380 λάθρῃ

417 2393 548 2465 Ἑρμείας
568 2392 707 2456 cistisque,
726 2393 819 2465 πόρεν
837 2392 868 2446 δέ
881 2410 930 2462 foc
950 2391 1061 2462 a'ylcbv
1080 2391 1146 2447 υἱὸν

419 2479 567 2553 Εὔδωρον,
587 2484 652 2553 περὶ
671 2480 728 2548 μὲν
746 2485 853 2549 deducu
872 2478 961 2549 ποχὺν
981 2479 1028 2546 q'di
1047 2482 1183 2550 μαχητήν.

210 2567 269 2634 Quo
287 2565 346 2620 loco
364 2575 394 2621 ut
412 2568 502 2640 πόρεν
521 2566 549 2619 in
562 2565 615 2620 hac
634 2580 664 2618 rc
677 2565 827 2620 insolenter
845 2566 946 2620 dictum
959 2566 1125 2635 expedirem,
1143 2568 1202 2634 ipse
1220 2569 1409 2636 cogitaveram

210 2654 243 2709 de
262 2653 349 2710 latino
367 2657 446 2724 pario
473 2657 513 2719 (oi
533 2655 670 2727 πορόντες
689 2677 722 2697 =
737 2653 884 2724 parenter);
912 2653 1021 2722 longius
1045 2654 1156 2722 repetiit
1179 2662 1293 2725 etymon
1319 2659 1409 2712 amba·

209 2741 289 2810 gibus
307 2742 375 2796 satis
393 2739 620 2810 improbabilibus
643 2740 757 2795 Meister
775 2740 859 2796 Diali.
879 2741 906 2795 ΙΙ
931 2747 990 2797 229.
1027 2746 1064 2797 At
1082 2742 1222 2798 verissime
1242 2758 1286 2798 mc
1306 2747 1410 2800 monuit

209 2830 303 2884 Maass
333 2834 444 2896 poetam
475 2827 592 2882 nominis
623 2828 758 2902 Eddaipou
788 2829 969 2898 veriloquium
1000 2829 1140 2885 ludentem
1172 2831 1300 2887 adhibito
1329 2832 1408 2888 verbo

209 2919 299 2991 πόρεν
324 2917 365 2985 t:
392 2917 488 2986 ἔδωκε)
517 2915 658 2970 illustrare
684 2915 812 2972 voluisse:
842 2919 975 2992 Εὔδωρος
1006 2919 1058 2974 deo
1088 2929 1168 2987 patre
1196 2922 1308 2989 genitus
1334 2922 1409 2991 quasi

209 3005 339 3059 Mercurii
357 3006 481 3070 ξεινήιον
500 3011 529 3059 et
547 3019 610 3058 vere
628 3005 814 3079 Ἑρμόδωρος.

280 3096 302 3161 ²)
321 3092 478 3160 Disputavit
498 3092 530 3147 de
550 3092 603 3148 hac
621 3107 686 3147 voce
704 3092 859 3148 Buttmann
879 3092 1034 3162 Lexilog.l
1056 3100 1104 3148 184
1123 3110 1163 3164 sq.

281 3181 300 3250 ⁸)
320 3179 454 3236 Herodoti
483 3180 561 3234 libris
590 3179 636 3250 qui
665 3175 727 3241 ὅλος
756 3181 899 3249 porrigunt
928 3181 1081 3249 opitulatur
1110 3183 1152 3240 tit.
1178 3184 1248 3239 Ceras
1275 3190 1287 3236 λ
1318 3186 1408 3256 cdo]-

208 3268 333 3341 σχερμα]
356 3268 480 3334 (Bechtel
497 3268 601 3324 Inscbr.
621 3267 669 3323 des
684 3267 742 3336 jon.
762 3268 835 3324 nial.
856 3285 896 3322 nr.
916 3269 966 3339 43).
1003 3269 1160 3326 Heraclitus
1178 3272 1207 3326 in
1225 3272 1278 3329 hac
1297 3290 1329 3329 re
1348 3290 1405 3329 cum

208 3355 347 3412 Herodoto
366 3356 535 3425 discrepasse
552 3355 674 3437 videtur3
692 3373 716 3409 v.
736 3356 815 3425 frgm.
834 3361 867 3411 59
886 3357 1021 3426 Byvater.

280 3444 301 3512 ⁴)
319 3444 351 3497 ln
381 3443 476 3512 lingua
505 3445 596 3498 latina
625 3444 805 3512 compositum
836 3446 961 3499 sollennia
993 3446 1092 3515 (quod
1121 3450 1275 3504 omnibus
1304 3453 1408 3507 annis

207 3532 378 3599 praestari
398 3530 498 3586 debet
516 3531 613 3586 Festus
632 3549 658 3600 p.
677 3531 738 3600 298)
761 3530 902 3586 confusum
926 3540 969 3588 est
995 3535 1053 3603 vel,
1081 3543 1112 3589 ut
1135 3538 1292 3593 accuratius
1311 3540 1407 3607 dicam,

207 3620 345 3675 concrevit
363 3636 424 3674 cum
448 3620 594 3689 participio
619 3621 765 3673 *οοῐοοοον
784 3645 818 3664 =
835 3620 1035 3692 *aradiensem
1060 3641 1113 3692 quo
1137 3639 1181 3679 res
1206 3643 1296 3694 quae
1322 3628 1337 3682 i
1342 3628 1408 3683 ieri

208 3709 302 3762 solet
321 3709 364 3776 (ιι
383 3709 563 3778 *auidi-qui)
585 3705 757 3774 significatur
782 3707 827 3778 (cf.
846 3724 869 3762 r.
888 3723 911 3762 c.
930 3708 997 3763 Hor.
1015 3711 1095 3778 epist.
1115 3711 1127 3763 l
1149 3717 1188 3779 18,
1207 3718 1241 3765 49
1268 3714 1408 3771 ‘Romanis

208 3795 339 3850 sollemne
357 3796 422 3850 viris
440 3796 517 3863 opus'
542 3810 604 3850 cum
628 3795 692 3848 Tac.
712 3794 774 3849 hist.
794 3795 832 3847 IV
858 3801 874 3848 3
898 3796 1006 3850 ‘cuncta
1029 3798 1198 3867 principibus
1217 3801 1330 3871 solita').
1368 3804 1408 3858 Sic

208 3883 311 3938 factum
330 3891 374 3939 est
392 3888 424 3937 ut
441 3883 523 3938 modo
541 3885 564 3950 l,
589 3881 670 3935 modo
695 3885 728 3949 il,
753 3881 833 3936 modo
857 3903 908 3945 nn,
933 3885 1013 3938 modo
1039 3905 1081 3940 mn
1106 3886 1282 3943 scriberetur.
1320 3891 1407 3958 Quam

208 3987 294 4040 prope
312 3987 407 4026 sonum
427 3992 444 4024 n
466 3968 598 4038 geminati
610 3984 747 4023 consonae
765 3989 809 4022 νοο
820 3970 990 4038 contingant,
1010 3971 1107 4026 doceat
1121 3972 1211 4027 Ovidii
1229 3976 1407 4047 veriloquium

277 4101 283 4112 .
338 4065 369 4111 4:

207 4060 276 4114 ΡΜ
304 4065 336 4113 65
435 4143 515 4182 amne
534 4142 654 4194 perenne
673 4127 764 4182 latens
783 4131 866 4183 Anna
884 4129 1011 4185 Perenna
1030 4146 1119 4187 vocor.
1141 4161 1170 4169 —

208 4216 398 4270 Coniecturam
431 4215 465 4269 de
495 4219 627 4271 sollemnis
658 4217 837 4288 Thurneysen
864 4217 921 4272 KZ.
946 4216 1066 4271 XXVIII
1096 4224 1145 4272 160
1164 4235 1202 4288 sq.
1231 4220 1408 4290 aliquatenus

208 4311 399 4371 occupaverat.
534 4298 537 4301 ’

278 4391 300 4458 ⁶)
317 4391 468 4444 Buttmann
487 4389 504 4443 l.
524 4389 542 4444 l.
561 4391 574 4445 I
595 4397 652 4445 190.
689 4392 868 4463 Thmnsyseu
885 4393 943 4450 KZ.
963 4393 1083 4448 XXVIII
1105 4401 1153 4449 loo
1172 4403 1229 4452 not.
1252 4404 1278 4452 2.

278 4479 301 4546 ὃ)
321 4476 417 4548 Smyth
437 4477 599 4549 Diphthong
620 4485 657 4534 EI
675 4486 716 4535 64.
752 4481 851 4554 *οοορε
874 4481 989 4536 *enuno's
1007 4481 1066 4536 sere
1086 4508 1118 4525 =
1138 4486 1238 4543 νόθοςτ
1265 4476 1333 4545 sert.
1362 4506 1408 4543 aa·
