2956 5018
688 231 922 296 -462-

215 422 301 504 ἅνέρι
332 451 370 486 -α
402 449 434 486 -ε
457 427 491 487 et
525 441 588 487 una
625 441 695 487 cmn
729 422 778 489 his
812 425 922 508 ἀνέρος
953 453 1002 502 ·ες
1034 453 1088 501 -ας
1119 444 1139 489 a
1173 423 1280 504 poetis
1312 423 1396 488 adhi-

212 528 374 592 berentur.
384 526 408 612 ¹)
460 526 531 591 Sed·
557 527 621 591 iarn
658 532 733 592 ante
767 528 899 594 Homeri
933 533 1075 593 aetatem
1108 528 1142 594 in
1175 534 1398 609 correptarum

212 629 386 695 sennarum
427 630 531 694 locum
573 629 689 710 ubique
732 632 884 697 substitui
925 638 1059 714 coeptae
1100 639 1176 697 sunt
1218 633 1397 715 hisyllabae
1436 615 1444 635 ’

214 733 309 817 ἀνδρί
328 763 365 798 -a
389 761 421 798 -ε
445 733 496 810 -ὁς
520 760 568 811 -ες
591 762 662 811 -ας,
694 735 783 800 cuius
806 735 854 800 rei
883 755 981 801 eausa
1003 735 1036 801 in
1061 741 1174 816 aperto
1199 742 1266 800 est:
1303 736 1396 817 bisyl-

212 840 306 903 labae
330 845 424 903 erant
447 838 541 919 volgo
572 847 739 919 receptae,
772 840 959 922 trisyllabac
989 861 1008 905 a
1039 840 1217 906 cottidiana
1247 839 1397 920 loquendi

213 942 444 1007 consuetudine
461 942 597 1007 omissae
613 962 693 1022 quas
709 943 740 1007 in
765 944 918 1009 auxilium
934 965 997 1009 non
1022 964 1139 1010 vocare
1162 945 1224 1010 nisi
1240 950 1399 1026 urguente

213 1046 407 1112 necessitate
438 1045 605 1126 paullatim
636 1046 856 1113 adsueverunt
885 1056 1017 1130 poetae:
1053 1070 1114 1131 qno
1144 1050 1268 1115 factum
1292 1056 1401 1114 estut

214 1152 453 1235 trisyllabarum
485 1171 543 1217 eae
566 1151 655 1216 solae
678 1159 819 1218 aetatem
850 1152 974 1218 ferrent
997 1174 1079 1234 quae
1104 1155 1262 1236 producta
1285 1153 1402 1219 initiali

213 1255 356 1336 insignes
386 1260 493 1336 erant,
526 1261 654 1320 ceterae
682 1275 816 1336 quarum
845 1278 960 1323 munus
984 1259 1163 1341 hisyllabae
1185 1259 1218 1323 in
1242 1276 1278 1322 se
1302 1257 1399 1322 susci-

214 1378 291 1441 pere
315 1365 467 1440 poterant
489 1359 646 1424 altissima
669 1362 881 1428 obruerentur
902 1363 1106 1447 oblivione.²)
1151 1364 1223 1428 Hac
1245 1363 1301 1428 via
1326 1362 1402 1426 illuc

215 1468 376 1545 postremo
410 1483 589 1544 pervenere
623 1471 659 1528 ut
691 1466 933 1546 productionem
968 1467 999 1532 in
1035 1465 1122 1549 ἀνέρι
1161 1464 1260 1550 ’ἀνέρα
1298 1464 1401 1549 ἁνέρε,

215 1588 286 1633 cuin
302 1574 471 1648 correptae
494 1569 615 1633 formae
632 1568 738 1650 *dvipr
762 1573 860 1655 ἀνέρα
878 1575 968 1655 ἀνέρε
991 1573 1083 1637 iuxta
1098 1578 1211 1636 extare
1228 1570 1404 1636 desiissent

216 1675 348 1757 originis
372 1676 477 1756 obliti,
509 1676 600 1755 quasi
623 1677 840 1742 necessariam
863 1685 896 1742 et
924 1678 1114 1760 trisyllabae
1137 1677 1259 1741 formae
1284 1694 1402 1756 perse

216 1780 378 1861 propriam
402 1785 436 1844 et
459 1781 651 1861 peculiarem
675 1782 886 1864 opinarentur
908 1789 1005 1863 atque
1032 1783 1106 1847 hinc
1129 1781 1264 1865 profecti
1290 1778 1403 1863 ἃνὲρος

217 1883 325 1968 ἀνέρες
349 1881 464 1968 ’ἀνέρας
487 1883 570 1966 (μετ’
595 1884 646 1948 ὑπ’
668 1883 776 1972 ῗινέρος
797 1888 869 1971 μετ’
893 1886 1018 1971 datique)
1040 1895 1209 1957 novarent.

302 1988 413 2054 Ultimi
428 1988 519 2069 pedis
534 1988 682 2054 licentiae
706 2011 802 2070 quam
818 1993 891 2057 olim
914 1993 1013 2059 latius
1036 1993 1180 2075 patuisse
1203 2011 1267 2058 non
1289 1992 1402 2057 dubito

215 2112 319 2173 neque
335 2091 490 2173 originem
505 2091 661 2173 indagare
678 2094 772 2159 valeo
788 2114 891 2175 neque
907 2096 1070 2161 illustrare
1085 2097 1234 2161 indolem.
1259 2097 1403 2162 Lndiere

215 2199 293 2265 iacti
320 2198 472 2266 videntur
500 2197 644 2280 μείουροι
674 2198 728 2277 qui
757 2201 843 2280 apud
874 2200 1038 2281 aequiores
1068 2206 1103 2265 et
1132 2200 1276 2266 Graecos
1308 2201 1402 2285 (Luc.

215 2312 299 2387 trag.
334 2306 396 2369 31⁴2
428 2323 496 2384 sqq.
527 2304 694 2368 Hermann
717 2304 768 2368 El.
801 2305 901 2370 doctr.
932 2312 1024 2371 metr.
1055 2307 1167 2391 hhbli)
1198 2314 1232 2371 et
1264 2306 1404 2372 Latinos

216 2412 304 2495 (Ter.
335 2411 439 2474 Maur.
473 2411 556 2474 1920
585 2427 653 2488 sqq.
685 2409 767 2473 Mar.
798 2409 919 2474 Victor.
951 2411 998 2474 VI
1028 2412 1067 2474 67
1099 2430 1146 2489 sq.
1181 2409 1294 2475 Hense
1324 2411 1403 2476 Jub.

216 2515 328 2598 artigr.
364 2517 420 2580 137
454 2513 515 2597 sq.)
550 2518 728 2577 occurrunt.
781 2514 863 2579 Num
897 2513 930 2578 in
965 2514 1025 2578 hac
1055 2531 1090 2576 re
1124 2512 1270 2577 adhiberi
1304 2513 1405 2579 liceat

216 2621 369 2701 strophae
407 2617 583 2683 clausulam
617 2617 763 2681 similiter
797 2616 955 2683 variatam
989 2616 1022 2681 in
1056 2616 1219 2681 Alcnranis
1258 2619 1405 2683 carmine

215 2723 407 2790 Parthenio:
439 2759 658 2786 -υυ-υψυυ-
687 2728 720 2785 et
747 2744 977 2783 -υυ-υυ-υ--ε
1010 2720 1134 2803 (Bergk
1156 2720 1243 2784 ΡΙι.4
1267 2722 1321 2786 ΙΙΙ
1346 2724 1404 2808 27)

216 2850 333 2896 neseio.

217 2972 422 2980 ——a—-ffl

288 3042 306 3107 1)
325 3036 480 3091 chilinslri
499 3034 532 3088 de
551 3040 624 3088 ΑΙΥ
639 3032 770 3087 vocalium
790 3030 862 3098 apud
883 3030 1027 3086 Homerum
1047 3047 1174 3087 mensura
1192 3040 1207 3087 9
1227 3051 1265 3102 sq.

286 3132 305 3185 ²)
324 3126 449 3178 Formam
465 3139 545 3192 quain
565 3124 719 3176 coniectura
738 3120 909 3174 resuscitarit
927 3119 961 3172 ab
975 3117 1070 3173 inieris
1088 3121 1164 3187 quasi
1185 3121 1328 3175 reduxisse
1346 3123 1403 3176 iam

215 3213 329 3266 Tzetzae
348 3211 531 3279 ignorantiam
552 3210 706 3278 (Antehom.
726 3210 767 3275 90)

448 3300 517 3352 δῶκε
538 3299 568 3352 de'
588 3302 614 3352 οἱ
633 3299 736 3370 riuique
754 3293 855 3349 ἑκατὸν
873 3301 917 3347 καὶ
939 3295 1060 3363 κάλλιμα
1079 3294 1154 3364 doipa

216 3394 293 3440 notat
311 3386 411 3440 Graeie
430 3384 562 3452 Meleagri
581 3384 664 3452 epigr.
684 3387 716 3434 84
736 3380 780 3449 qui
799 3379 887 3435 addit:
908 3381 943 3433 ‘in
962 3397 1015 3448 quo
1028 3387 1119 3434 tamen
1137 3381 1182 3433 vix
1195 3381 1349 3448 quisquam'
1373 3414 1403 3421 -

216 3475 305 3529 dicere
324 3473 417 3528 debuit
435 3473 552 3541 ‘nullus’,
572 3487 634 3525 nam
653 3469 790 3523 Eudociae
803 3471 937 3537 pessimae
955 3467 1152 3523 versificatricis
1165 3469 1253 3523 locum
1272 3468 1404 3535 (Bandin.

215 3563 297 3616 catal.
320 3561 397 3616 codd.
421 3576 468 3614 ms.
494 3576 533 3627 gr.
557 3558 622 3612 bibl.
646 3556 718 3610 Med.
737 3556 820 3610 Laur.
839 3557 852 3608 l
871 3560 920 3608 238
939 3572 962 3609 v.
981 3555 1042 3623 328)
1061 3556 1083 3610 si
1101 3555 1238 3623 cognitum
1258 3555 1405 3612 habuisset

215 3657 288 3704 certe
306 3664 360 3702 non
377 3652 449 3702 esset
467 3653 586 3699 moratus
607 3673 636 3682 -
657 3643 757 3712 ‘paullo
777 3642 872 3696 melior
884 3649 967 3710 poeta
985 3643 1108 3712 praeivit,
1127 3659 1187 3696 cum
1201 3642 1291 3697 altera
1312 3643 1404 3699 forma

216 3737 321 3808 ἄνδρας
340 3735 453 3808 α’νδριῦν
472 3740 521 3786 etc.
541 3730 666 3786 adesset’.

286 3824 306 3890 ⁸)
324 3822 376 3875 Vix
401 3821 453 3874 hnc
477 3825 583 3888 spectat
607 3834 699 3872 versus
723 3817 829 3883 spurius
852 3831 931 3885 quem
954 3815 1110 3884 praefigunt
1133 3815 1238 3869 codices
1260 3815 1404 3871 Theocriti

214 3911 338 3965 Fistulae
355 3908 514 3975 (Haeberlin
532 3923 615 3960 carm.
635 3905 678 3974 fig.
699 3911 709 3941 2
731 3907 769 3971 11)

437 3996 535 4065 σῦριγξ
554 3994 653 4055 οὔνομ’
671 3998 749 4063 ἔχεις·
769 3995 833 4063 (ἔδει
853 3994 883 4046 de‘
902 4010 932 4045 oe
951 3996 1041 4062 μέτρα
1060 3995 1169 4059 σοφίης.

216 4088 301 4140 Immo
323 4109 331 4139 ι
354 4093 468 4139 accentu
491 4082 648 4151 porrigitur,
667 4081 735 4135 sicut
753 4080 826 4147 apud
848 4079 961 4133 Latinos
979 4077 1079 4131 similia
1106 4076 1212 4144 (soph-in
1231 4075 1263 4132 L.
1281 4077 1405 4132 Mueller

216 4175 241 4232 d.
262 4191 282 4231 r.
302 4191 335 4229 m.
355 4179 402 4228 357
423 4172 483 4227 coll.
503 4171 634 4225 Thurotio
653 4170 717 4225 Not.
736 4177 762 4222 et
781 4175 849 4223 extr.
869 4166 947 4219 XXII
967 4172 1017 4218 too
1039 4180 1116 4232 quem
1136 4164 1203 4216 mihi
1222 4163 1312 4218 lccnm
1333 4166 1403 4219 indi·

216 4261 287 4316 cavit
305 4261 410 4314 Cloetta
430 4261 554 4327 collega).

707 4430 898 4458 *⁶⁴⁴4*—
