2956 5018
678 171 913 232 -424-

200 401 240 408 -
270 363 401 427 obstent
430 361 627 446 exempla‚¹)
658 377 792 438 quorum
822 358 955 439 insuper
984 377 1062 438 pars
1092 364 1183 422 certe
1211 357 1392 437 suspicione

199 483 263 530 non
285 463 479 549 immunis.²)

286 565 410 650 Quibus
431 566 558 649 legibus
581 566 636 646 qni
651 570 754 631 artem
778 563 984 631 versificandi
1000 563 1239 629 adstrinxerint
1266 563 1394 628 eosdem

199 669 320 753 passim
342 669 375 735 in
399 689 439 735 ea
468 688 584 736 versus
614 675 709 751 parte
739 667 790 733 oui
819 667 948 733 nonnisi
977 669 1123 751 syllabas
1155 669 1254 750 plene
1281 669 1394 751 longas

199 774 345 840 sufficere
373 774 468 839 modo
497 774 636 841 vidimus
666 774 720 839 vel
750 793 828 841 vere
857 776 975 842 breves
1006 774 1177 840 admisisse
1207 772 1395 838 incredibile

200 882 260 943 est.
305 877 418 958 Neque
448 878 534 959 quod
564 877 695 959 saepius
718 877 751 942 in
775 896 912 944 caesura
938 879 1086 945 bucolica
1114 879 1235 960 longae
1266 877 1396 943 vocales

200 999 258 1045 sen
288 980 480 1064 diphthongi
502 986 580 1047 ante
610 982 741 1048 vocales
770 981 979 1062 insequentes
1007 1002 1028 1047 a
1055 982 1263 1063 correptione
1293 980 1395 1046 vindi·

200 1089 332 1167 cantur,
372 1085 531 1168 syllabam
565 1084 703 1150 debilem
736 1085 770 1150 in
807 1085 869 1150 hac
902 1085 980 1151 sede
1019 1085 1097 1151 ferri
1136 1103 1234 1167 posse
1270 1084 1396 1168 (Knoes

200 1188 265 1271 dig.
290 1189 346 1274 26)
377 1189 501 1271 prodit,
534 1190 590 1255 sed
618 1189 694 1255 inde
725 1188 950 1271 explicandum
979 1189 1065 1269 qnod
1094 1188 1227 1254 vocales
1260 1207 1396 1253 caesura

200 1297 293 1358 tanto
331 1291 526 1358 dirimuntur
558 1292 732 1358 intervallo
767 1299 804 1356 ut
837 1293 1000 1374 correptio
1035 1312 1118 1374 quae
1152 1292 1397 1358 continuatione

200 1395 360 1463 vocalium
391 1395 527 1461 efficitur
555 1396 661 1461 locum
690 1415 755 1460 non
785 1396 922 1479 babeat;
958 1398 1071 1462 eadem
1101 1416 1139 1462 re
1171 1397 1298 1462 hiatum
1327 1397 1397 1462 iure

201 1499 409 1566 excusaveris
432 1499 486 1580 qni
515 1503 592 1580 post
614 1502 764 1579 quartum
795 1499 961 1584 dactylum
983 1502 1071 1567 baud
1101 1521 1177 1568 raro
1201 1503 1398 1568 observatur

201 1603 384 1687 (Hermann
408 1602 507 1684 Orpb.
533 1604 596 1667 726
619 1620 666 1682 sq.
698 1601 847 1667 Gerhard
867 1603 891 1691 l.
915 1605 935 1668 l.
963 1607 1022 1672 157
1047 1623 1095 1685 sq.
1126 1605 1257 1671 Abrens
1280 1605 1395 1670 Philol.

201 1707 249 1771 VI
272 1708 311 1771 27
336 1725 405 1789 sqq.
429 1705 543 1771 Nauck
565 1705 640 1770 Mel.
665 1724 713 1788 gr.
737 1724 816 1770 rom.
840 1705 888 1771 IV
911 1708 976 1772 508
999 1707 1074 1773 adn.
1099 1707 1167 1792 37).

287 1810 465 1876 Videamus
498 1828 583 1875 nunc
618 1809 658 1874 de
691 1808 801 1875 brevis
834 1808 867 1873 in
901 1815 1020 1890 quarta
1054 1811 1139 1876 thesi
1172 1811 1293 1894 longae
1327 1811 1397 1878 vice

201 1917 380 1982 collocatae
403 1914 559 1996 exemplis
583 1934 666 1995 quae
689 1934 709 1979 a
732 1913 952 1997 grammaticis
975 1912 1177 1980 adferuntur.

291 2022 320 2085 Θ
350 2021 424 2084 471.
464 2022 491 2084 0
519 2021 572 2084 49.
607 2023 636 2083 Σ
665 2020 727 2085 857
759 2018 814 2084 ubi
846 2017 980 2083 traditio
1010 2018 1097 2083 inter
1125 2022 1231 2099 βοῶπι
1267 2016 1397 2101 (πότνια

200 2134 408 2143 ——--

200 2173 247 2242 qui
265 2188 315 2241 per
333 2173 438 2241 aliquot
450 2173 587 2241 quaslibet
605 2175 721 2243 paginas
734 2190 827 2229 eorum
847 2180 929 2242 atque
942 2173 1103 2228 Latinorum
1123 2173 1152 2227 iu
1170 2174 1223 2227 hac
1236 2188 1267 2227 re
1285 2188 1397 2228 consue·

202 2259 323 2315 tudinem
342 2261 415 2315 inter
433 2277 462 2316 se
481 2262 688 2330 comparaverit.
725 2260 830 2315 Tamen
853 2261 897 2316 lox
916 2261 1113 2316 Wernickiana
1137 2260 1231 2313 multis
1257 2274 1291 2314 ne
1314 2260 1397 2314 fando

201 2347 311 2416 quidem
329 2348 453 2416 cognita,
477 2348 553 2401 velut
577 2348 679 2403 Oobeto
706 2348 952 2417 (11188.8111.888)
979 2348 1082 2401 Knbsio
1110 2347 1174 2414 (dig.
1196 2352 1246 2400 135
1273 2346 1398 2409 881188)

201 2432 298 2487 Fickio
316 2432 431 2489 Flachio
456 2435 606 2488 carminum
626 2435 763 2502 epicorum
789 2434 940 2489 editoribus
964 2433 1070 2488 Sittelio
1095 2432 1176 2499 (Phil.
1195 2432 1347 2486 xxxxln
1366 2438 1398 2486 25

202 2536 228 2574 n.
249 2521 291 2580 75)
309 2519 453 2575 Manradio
473 2521 569 2587 (contr.
588 2522 775 2591 8187111842)
794 2521 840 2590 qui
859 2525 982 2590 α’νέσχον
996 2531 1094 2593 χεῖρας
1113 2522 1232 2593 Ἀθήνῃ,
1252 2527 1399 2588 παρέσταν

199 2617 298 2676 γσῑνον
315 2609 450 2676 ἄγουσαι,
469 2608 667 2676 αισλιπόρθον
683 2609 786 2678 γοίκαδ
811 2610 941 2671 ἱκέσθαι,
967 2614 1150 2674 καιακέωμεν
1166 2605 1278 2676 γσίκιιδ’
1296 2608 1398 2671 ἰόντες,

201 2698 331 2750 Airwlos'
342 2693 504 2763 γσινόμαόν
523 2711 562 2754 rr,
581 2699 694 2748 θεοῖσιν
709 2697 888 2764 γοινσχοεύοι
912 2695 999 2751 sinim.
1021 2693 1212 2748 commendare
1230 2709 1286 2748 non
1304 2708 1398 2748 veren-

202 2786 261 2848 tnr;
279 2778 307 2832 id
326 2777 400 2847 qnod
418 2778 446 2831 in
465 2777 597 2832 debiliore
615 2778 702 2845 (Knds
720 2779 773 2848 dig.
793 2784 854 2845 ³25)
872 2781 1043 2849 potissimum
1067 2796 1185 2834 consona
1198 2799 1219 2851 γ
1241 2797 1297 2834 non
1323 2784 1398 2834 reeta

202 2864 307 2919 lactum
325 2875 450 2935 apparet.
486 2866 549 2934 lpse
568 2867 665 2921 Nauck
686 2868 733 2937 qui
751 2891 772 2922 ω
792 2874 843 2922 840
862 2884 915 2923 non
934 2867 992 2922 sina
1011 2873 1078 2920 nota
1096 2867 1293 2934 praetermisit,
1311 2889 1334 2919 ω
1348 2871 1396 2920 387

204 2947 261 3014 υἷες
281 2965 341 3008 rouo
360 2961 491 3028 γέροντες
514 2955 617 3008 mavult
641 2970 723 3023 quam
751 2953 881 3008 traditum
912 2957 980 3015 υἱεῖς
1007 2953 1080 3023 quod
1107 2954 1135 3006 iu
1162 2952 1215 3008 hoc
1241 2952 1314 3007 libro
1343 2969 1398 3007 nou

203 3041 290 3108 magis
307 3040 511 3096 sollicitaverim
530 3057 612 3110 quam
632 3041 785 3110 genetivum
804 3041 939 3102 Ὀδυσεῦς
957 3058 982 3095 v.
1002 3046 1061 3097 308.

274 3128 294 3196 ¹)
312 3144 383 3196 qnae
405 3128 521 3183 collecta
546 3127 631 3183 babes
653 3128 726 3196 apud
752 3127 906 3182 Gieselrium
932 3128 950 3185 1.
975 3129 992 3185 l.
1020 3133 1068 3181 148
1088 3143 1144 3196 sqq.
1173 3134 1201 3182 et
1225 3124 1398 3194 llilbergium

202 3215 220 3268 l.
239 3214 257 3268 l.
279 3220 327 3268 113
345 3230 403 3284 sqq.
428 3215 499 3281 (coll.
525 3215 678 3270 Gerhardio
702 3215 720 3269 1.
739 3215 757 3272 1.
778 3220 827 3269 180
845 3231 883 3283 sq.
915 3214 1092 3270 Soheiudlero
1116 3213 1202 3268 zfoG.
1230 3216 1312 3277 1878,
1338 3214 1399 3276 438)

202 3316 317 3370 quorum
343 3309 436 3356 tamen
462 3309 558 3356 neuter
581 3302 610 3356 in
628 3302 681 3356 hac
702 3317 732 3356 re
750 3297 849 3355 indicio
871 3299 958 3353 utitur
975 3299 1043 3353 satis
1064 3298 1260 3365 circumspecto
1280 3298 1324 3369 (af.
1348 3303 1399 3352 433

203 3394 259 3443 not.
280 3387 315 3457 4).
352 3387 411 3456 Quo
436 3387 540 3442 iactam
565 3396 595 3441 ut
619 3386 681 3455 plus
699 3402 782 3440 unum
805 3385 958 3453 exemplum
978 3386 1112 3440 immerito
1131 3386 1159 3439 in
1178 3384 1303 3439 ordinem
1325 3400 1399 3439 rece·

202 3473 301 3541 per-int
323 3472 493 3528 -Nomina
520 3473 633 3542 propria
660 3472 763 3526 maiore
790 3470 844 3525 frui
871 3471 999 3526 libertale
1026 3480 1098 3527 recte
1125 3479 1188 3540 post
1211 3470 1400 3527 Gerhardium

203 3559 358 3614 observavit
376 3559 491 3627 llilberg
508 3574 536 3627 p.
558 3565 604 3612 114
624 3575 662 3628 sq.

274 3651 294 3711 ¹)
315 3645 359 3701 nd
383 3653 414 3702 A
433 3651 490 3699 708.
514 3650 598 3700 1138
620 3647 760 3715 (Panyass.
785 3644 819 3703 ir.
841 3650 886 3714 12,
905 3650 920 3698 8
948 3646 1059 3714 llinlrel)
1086 3646 1120 3702 ci.
1139 3654 1252 3714 praeter
1280 3647 1401 3701 Nauckii

203 3738 284 3788 nolas
301 3739 330 3788 Σ
345 3738 394 3787 lot
414 3736 442 3786 et
460 3749 483 3789 v.
502 3732 521 3789 l.
539 3737 567 3787 Ω
586 3738 645 3787 000.
663 3762 696 3770 -
716 3738 745 3786 Λ
761 3737 809 3786 188
823 3758 856 3776 =
870 3738 919 3786 not
940 3734 994 3789 τῶν
1013 3732 1038 3786 δ’
1056 3734 1147 3788 ἄλλων
1164 3732 1234 3788 λαὸν
1253 3733 1400 3805 ιὶνώχθωῗ

205 3825 407 3887 -nmm

274 3910 290 3975 ἤ
308 3907 333 3960 σ’
347 3901 454 3982 Ἕκτωρ
474 3914 594 3981 προέηκε
615 3908 843 3961 διασκοπιᾶσθαι
862 3908 966 3961 ἕκαστα

274 3996 341 4061 νῆας
360 3998 407 4049 ἐπὶ
427 3998 587 4068 γλαφυράς
607 3994 622 4061 ἢ
642 3997 667 4047 σ’
687 3993 774 4048 αὐτὸν
792 3992 886 4064 θυμὸς
900 3995 1018 4063 ciriacam
1037 3995 1115 4065 (imit.
1129 3997 1180 4064 Ap.
1194 3995 1247 4049 Rh.
1262 3995 1304 4048 111
1320 3998 1401 4059 1084)

204 4081 338 4148 oppositio
356 4081 454 4136 suadet
467 4091 497 4136 ut
516 4081 667 4136 scribamus
680 4082 767 4135 edroi
787 4081 881 4151 θυμὸς
900 4082 983 4149 (turm
1001 4081 1086 4149 ipsius
1098 4080 1233 4144 animus').
1257 4081 1299 4136 cf.
1321 4086 1401 4147 ‘12⁶³

203 4165 295 4232 Ζηνὸς
316 4167 362 4220 o‘n'
382 4171 523 4238 α’γγελίιγς,
543 4167 558 4235 ἢ
578 4174 624 4221 καὶ
646 4170 711 4228 νόος
731 4168 859 4242 ἐτράπετ’
882 4169 967 4234 αὐτῆς
986 4169 1018 4236 (δ’
1037 4172 1095 4231 tlt)
1120 4175 1148 4222 et
1173 4167 1206 4222 de
1229 4170 1403 4236 pronominis

204 4253 289 4313 αὐτός
314 4269 363 4307 usu
387 4274 403 4306 κ
422 4259 473 4308 298
498 4259 574 4329 ὄφρα
594 4284 624 4294 -
646 4253 732 4308 αὐτόν
757 4272 786 4308 τε
811 4260 933 4328 κομίσσῃ
951 4254 968 4307 i.
987 4269 1010 4308 e.
1035 4255 1074 4307 ‘ut
1096 4260 1123 4308 te
1148 4255 1235 4323 ipsum
1261 4257 1403 4324 excipiar,

204 4338 274 4392 sicut
292 4340 354 4393 aliis
372 4340 439 4395 locis
457 4343 558 4406 αιῑιός,
578 4341 653 4395 nullo
672 4341 784 4408 insuper
802 4340 897 4395 addito
915 4340 1084 4408 pronomine,
1103 4347 1144 4395 est
1162 4356 1211 4409 pro
1229 4341 1322 4408 prima
1340 4361 1402 4412 per·

204 4430 327 4496 8888181
347 4432 406 4485 430.
426 4434 449 4484 Θ
468 4433 527 4482 tlt.
551 4428 647 4482 Aesch.
667 4428 746 4482 Eum.
765 4433 816 4482 286
836 4428 882 4483 ubi
901 4428 986 4485 schol.
1005 4433 1095 4484 λείπει
1115 4433 1188 4499 ἐμέ).
