2940 5026
670 161 885 224 ..22-

177 365 296 440 poetae
319 376 407 437 curn,
438 355 542 420 sicut
566 363 654 433 erat,
683 353 715 416 in
740 358 877 417 metrum
900 348 1066 415 includere
1091 367 1154 412 uon
1171 354 1325 428 possent,
1352 375 1377 410 ω

178 482 219 529 ex
241 458 440 527 nominative
465 456 623 523 accersite
648 456 863 521 donaverunt.
910 452 963 516 Sic
993 451 1101 519 evasit
1130 450 1259 535 γελώιος
1290 450 1378 530 qued

178 586 249 633 curn
281 563 449 648 Meyero¹)
484 570 519 626 et
552 561 624 627 aliis
659 579 718 640 pre
753 558 888 642 γελοιίος
920 555 1156 637 rlrepserlorum
1186 554 1377 639 figmenrm)

178 672 320 736 Homero
354 669 556 735 reddendum
587 685 661 732 esse
691 664 850 730 existimo.
903 661 1110 727 Homericum
1141 659 1270 744 γελώιος
1300 660 1376 724 Dio·

178 775 263 858 nysii
300 771 603 840 Halicarnassensis
640 770 740 836 libres
779 766 857 850 (vol.
889 766 918 828 V
952 764 1069 847 40011)
1104 764 1226 830 diserte
1260 765 1378 830 testari

179 878 413 946 animadvertit
450 877 588 942 Abrens.
643 875 733 940 Idem
771 870 979 936 iudicandum
1018 870 1149 936 videtur
1187 870 1226 935 de
1267 870 1378 948 ὀλώιος

179 983 316 1050 Hesiodi
339 983 392 1066 (ef.
419 981 536 1062 ὀλοιός)
568 988 602 1046 et
633 978 793 1064 ὀλοφώιος
823 997 907 1058 quae
936 998 956 1043 a
982 976 1165 1043 nominibus
1188 977 1219 1042 iu
1246 1005 1271 1040 ω
1295 995 1320 1040 s.
1344 976 1377 1040 iu

179 1117 221 1167 ως
258 1087 458 1154 descendere
496 1085 664 1168 probabile
702 1088 762 1149 est.
815 1085 904 1148 Voce
948 1081 1105 1168 ὀλοφώιος
1155 1081 1203 1146 uti
1246 1086 1380 1161 poterat

172 1184 428 1275 'Bezzenberger
452 1192 510 1257 BB
527 1193 573 1257 IV
590 1193 654 1255 314
678 1190 719 1255 de
738 1190 921 1274 ,τελεφοίρω
937 1186 1021 1252 :lit
1047 1184 1172 1250 oilbluii
1196 1185 1378 1269 (decipere)

179 1300 361 1382 disputans.
406 1296 489 1362 Nam
524 1295 603 1361 nibil
637 1311 806 1360 commune
842 1293 943 1357 habet
979 1310 1051 1356 curn
1091 1290 1203 1370 ὅλλομι
1240 1306 1379 1369 quocum

179 1401 361 1484 composuit
387 1400 486 1466 etiam
517 1418 603 1465 nune
633 1399 671 1463 L.
702 1399 817 1481 Meyer
847 1397 893 1479 (p
924 1396 1012 1483 un).
1058 1395 1193 1461 Homeri
1223 1393 1379 1458 locutioni

180 1505 325 1593 ὀλοφώια
360 1517 430 1572 τοῖο
461 1505 610 1591 γέροντος
641 1504 700 1586 (sc.
732 1503 926 1585 Πρωτέως3)
957 1501 1028 1582 qui,
1060 1506 1097 1566 ut
1128 1498 1237 1565 Ovidii
1268 1497 1379 1564 verbis

179 1615 341 1677 metemm.
365 1609 415 1673 XI
439 1608 502 1674 253
526 1613 617 1686 uter,
646 1607 792 1674 hemines
822 1608 907 1674 solet
937 1607 1098 1688 ‘decipere
1129 1609 1259 1670 eentum
1289 1620 1379 1668 men-

179 1714 259 1781 titus
281 1712 437 1805 tigures')¹
456 1719 475 1777 1·
495 1715 560 1778 110
583 1711 637 1794 (ef.
662 1712 742 1797 100)
765 1719 855 1778 reete
878 1712 1048 1778 substituit
1070 1709 1234 1793 Vergilius
1256 1707 1377 1789 Georg.

179 1818 226 1883 IV
249 1821 314 1884 443
338 1818 475 1885 latinum
499 1816 682 1898 fallaciores:

475 1937 541 1977 vere
559 1921 606 1976 ubi
626 1922 703 1977 nulla
722 1923 816 1991 lugam
834 1922 938 1990 reperit
957 1921 1078 1978 fallacie.

180 2101 299 2167 γελοίους
308 2139 316 2161 ,,
337 2098 464 2167 ὁμοίιος,
492 2095 564 2164 qued
584 2096 677 2151 itidem
698 2097 725 2150 in
746 2099 853 2159 ὁμώιος
873 2099 973 2153 mutari
993 2100 1068 2153 iubet
1088 2098 1217 2153 Wheeler
1238 2100 1256 2152 l.
1275 2099 1302 2165 l,
1331 2098 1378 2154 sed

179 2201 230 2240 rex
244 2185 361 2239 obseura
380 2192 430 2250 est,
449 2184 492 2238 cui
505 2185 647 2240 Nauckius
667 2188 771 2246 ὀλοίιος
785 2185 960 2240 substitutum
981 2187 1050 2252 rult3
1071 2186 1163 2241 Christ
1182 2186 1218 2241 ad
1236 2187 1267 2239 ll.
1287 2194 1313 2242 Α
1328 2193 1391 2261 3117

180 2280 208 2327 et
226 2273 295 2327 Fick
313 2272 344 2324 Il.
365 2287 390 2339 p.
410 2276 461 2326 313
481 2270 517 2325 ad
537 2278 563 2326 J
579 2279 629 2326 141
654 2282 718 2327 sert.
737 2285 825 2327 (imeae
844 2279 990 2341 cognatum
1010 2288 1069 2328 esse
1089 2274 1272 2341 suspieentur.
1310 2272 1378 2329 Mihi

180 2360 307 2416 iudicium
334 2359 461 2413 cohibere
490 2359 576 2414 tutius
603 2359 719 2417 ridetur.
740 2390 772 2400 —
796 2360 890 2415 Etiam
919 2360 1031 2414 nomina
1060 2364 1136 2432 Τρώς
1166 2364 1281 2430 πάτρως
1307 2357 1378 2435 ἣρως

179 2447 244 2501 elinr
262 2454 390 2515 correpta
408 2446 495 2501 recoli
514 2462 565 2501 usa
583 2461 644 2500 esse
662 2463 722 2500 curn
742 2447 769 2500 in
788 2461 856 2500 cass.
875 2445 992 2514 obliquis
1011 2455 1069 2500 tum
1088 2448 1116 2500 in
1145 2446 1275 2503 derivatis
1295 2456 1379 2504 testes

180 2538 244 2588 sunt
271 2541 299 2586 et
321 2533 428 2588 formae
453 2530 529 2607 ipen
557 2529 644 2606 ἦρώες
673 2533 713 2601 (G.
743 2533 851 2602 Meyer⁹
879 2535 895 2603 ξ
922 2538 970 2587 128
999 2551 1023 2602 p.
1050 2541 1098 2588 lle
1127 2543 1183 2588 not.
1220 2535 1304 2590 Allen
1325 2537 1379 2594 11.

92 2620 93 2623 ’
179 2637 205 2688 p,
228 2625 258 2671 11
278 2621 327 2687 sq.)
352 2619 402 2674 sub
421 2637 475 2688 qua
494 2635 622 2674 mensure
646 2619 714 2673 nilril
734 2619 810 2674 aliud
836 2621 906 2674 latet
931 2636 1013 2688 quarn
1039 2622 1241 2677 vetustissimae
1268 2639 1382 2678 censue·

179 2707 282 2762 tudinis
295 2722 364 2775 quae
377 2703 458 2779 ἕροες
473 2702 543 2778 liqna
556 2706 688 2774 poscebat
700 2706 736 2760 ad
755 2707 889 2760 noriciurn
906 2707 1044 2761 scribendi
1063 2724 1141 2761 usurn
1155 2713 1379 2767 accommodatae

181 2797 313 2850 memorie
340 2802 368 2849 et
395 2793 531 2848 adiectira
562 2796 698 2869 rrurqor're
725 2793 824 2850 Kaibel
852 2811 893 2850 nr.
927 2803 956 2849 13
989 2800 1120 2864 (pentorn.
1150 2799 1244 2866 olaus.)
1276 2801 1378 2874 ἡροικοῐ

180 2884 299 2953 θανάτῳ
318 2882 354 2936 ib.
373 2897 414 2936 nr.
433 2886 484 2933 119
513 2892 546 2939 tv.
571 2881 653 2936 etiarn
682 2897 751 2949 qnae
779 2879 861 2936 affert
887 2881 1001 2937 Meister
1027 2882 1100 2937 Dial.
1128 2883 1155 2936 11
1186 2891 1215 2936 11
1240 2889 1292 2955 sq.)
1319 2886 1379 2941 sub·

180 2970 330 3026 stentirum
360 2971 459 3039 Τροίη,
489 2971 576 3041 qut'u
605 2969 714 3038 (Pindi.
752 2991 773 3023 ω
802 2971 828 3022 in
860 2968 978 3025 flexione
1006 2979 1034 3025 et
1065 2970 1234 3027 derivatione
1264 2969 1378 3045 (ὅριοοςς

180 3061 299 3131 perornes
318 3059 392 3122 cett.)
409 3055 568 3112 recentioris
588 3063 715 3111 monetae
734 3063 775 3112 est
794 3067 822 3111 et
841 3057 957 3111 debetur
983 3058 1130 3126 analogiae
1150 3059 1311 3114 nominativi
1335 3061 1378 3130 (el.

180 3145 297 3214 Αιμῷος
317 3144 404 3198 simne.
423 3158 473 3210 pro
493 3150 615 3210 Λοιοῑος
635 3143 749 3198 Meister
767 3144 784 3196 1.
804 3145 821 3198 l.
844 3148 893 3210 18).

253 3234 272 3299 ¹)
290 3231 352 3299 Vgl.
379 3230 499 3286 Gremm.
525 3231 551 3283 ll
576 3237 635 3288 158.
665 3230 691 3283 1²
718 3236 774 3290 118,
811 3231 920 3286 Ahrens
944 3233 1029 3286 Beitr.
1054 3249 1102 3286 zur
1128 3235 1230 3300 grieelr.
1255 3236 1312 3291 und
1331 3238 1378 3293 lat.

180 3318 299 3388 Etymel.
310 3317 323 3371 I
336 3321 392 3370 138.
410 3316 570 3384 Bregmaun
580 3318 609 3371 0.
621 3316 697 3371 Stud.
708 3316 746 3370 IV
761 3322 818 3373 113.
839 3317 968 3373 Wheeler
980 3316 1089 3373 Grieoh.
1103 3317 1377 3380 Neminaleeceutot.

252 3407 447 3476 11γελο1ιοςο
467 3408 576 3475 γελοῖος
595 3419 725 3473 perversa
747 3405 927 3462 distractione
946 3412 1040 3461 natum
1064 3411 1118 3474 est3
1142 3408 1176 3463 et'.
1196 3411 1306 3467 Absens
1325 3413 1342 3470 l.
1362 3415 1379 3468 l.

183 3499 239 3550 138.
276 3492 479 3560 Wackernagel
498 3492 553 3550 BB.
571 3493 608 3546 lv
629 3499 679 3546 310
697 3509 737 3562 sq.
774 3494 885 3548 Ahrens
909 3493 1004 3550 attulit
1026 3497 1210 3551 recentiorum
1234 3508 1378 3567 poetarum

181 3580 306 3648 exemplu
332 3596 401 3649 quae
421 3579 575 3649 comparari
594 3587 697 3649 queant
722 3583 865 3645 Bertdtor,
881 3590 1064 3655 χροιϊοθεῑοο
1089 3600 1123 3638 ex
1148 3587 1277 3652 Betdrer,
1300 3608 1378 3659 χροι-

180 3678 283 3723 ausina
302 3669 373 3724 male
392 3669 516 3736 detorta3
535 3669 592 3723 alia
610 3684 680 3736 quse
699 3669 753 3725 huc
771 3678 896 3738 spectent
914 3686 937 3725 r.
956 3687 1019 3739 pag.
1040 3677 1055 3724 3
1076 3681 1131 3727 net.
1150 3678 1179 3727 et
1197 3673 1279 3731 infra.

253 3757 271 3825 ³)
292 3756 333 3810 Sit
352 3756 597 3811 adnotatiunculae
618 3771 677 3810 ere
696 3757 804 3824 quidem
824 3757 932 3812 eliense
946 3759 990 3812 hic
1008 3759 1092 3815 locus.
1117 3759 1223 3817 Nomen
1237 3769 1378 3837 Πρωτέως

180 3846 298 3899 πάντων
317 3845 556 3917 οωορονεσιιὲιοο
576 3845 684 3916 βροτῶν
703 3843 779 3912 (Eur.
799 3843 859 3897 Hel.
879 3846 922 3912 11)
947 3846 1088 3913 ingeniose
1111 3848 1220 3915 quidem
1240 3851 1379 3926 sed‘iusto

180 3932 287 3986 doctius
306 3940 333 3985 et
351 3940 442 4001 etymo
461 3931 569 3999 longius
588 3933 705 3999 repetite
724 3932 845 3998 explicet
864 3931 991 3988 Froehde
1017 3935 1070 3988 BB.
1090 3936 1130 3989 111
1153 3943 1198 3990 131
1221 3937 1270 4003 (lit.
1288 3942 1378 4009 proras

179 4018 330 4087 Verstand3
355 4028 410 4088 get.
423 4020 509 4089 „dous
533 4019 705 4088 rerstbndig,
731 4019 789 4087 alt).
828 4021 913 4075 Vates
938 4037 1020 4077 senex
1040 4023 1086 4091 qui
1105 4024 1180 4077 nevit
1199 4027 1290 4081 ernnia
1309 4043 1378 4095 quae

179 4112 244 4161 sunt
263 4123 333 4174 quae
352 4109 464 4162 luerunt
482 4123 553 4175 quae
572 4123 633 4162 mex
658 4114 774 4162 ventura
793 4109 942 4162 trahuntur
962 4109 1056 4176 (Verg.
1077 4112 1174 4178 Georp
1194 4112 1233 4165 IV
1255 4119 1306 4167 301
1326 4129 1376 4181 sq.;

179 4192 214 4250 ci.
234 4196 253 4246 d*
270 4200 319 4248 380
339 4211 397 4264 sqq.
417 4196 442 4248 h.
463 4195 547 4263 Orph.
568 4195 645 4249 XXV
664 4202 678 4248 1
699 4212 738 4265 sq.

733 4279 735 4283 ¹
828 4287 1019 4356 ἔοισῐιὶμενος
1040 4287 1073 4338 uri
1094 4285 1115 4338 τ’
1136 4288 1217 4341 ἐόντα

387 4365 459 4425 ὅσσα
480 4390 506 4422 re
528 4374 656 4438 πρόσθεν
676 4376 732 4438 ἔην,
754 4367 805 4424 ὅσα
825 4372 846 4424 r'
866 4375 974 4426 densim
997 4369 1115 4445 tempor
1135 4373 1224 4439 οὗτος)

180 4466 252 4512 reete
285 4457 453 4526 appellatur
474 4457 582 4512 nomine
616 4461 838 4529 r¹sreananurnie
869 4469 1011 4514 contracto
1041 4463 1178 4532 Πρωωίς
1197 4472 1241 4510 ·.-;
1260 4461 1376 4530 warum
