2940 5026
700 184 914 248 -74..

436 372 450 438 η’
471 376 514 427 ιὀι
534 377 598 443 ἐμοὶ
614 377 728 443 χλαῖναι
747 380 793 427 καὶ
813 375 899 448 ῥήγεα
918 377 1085 443 σιγαλόεντα

436 461 537 531 ἤχθεθ’
556 456 601 515 ὅτε
620 465 733 535 πρῶτον
752 463 860 536 Κρήτης
880 464 947 534 ὄρεα
967 462 1122 532 ννιφδενια

436 550 622 618 νοσφισάμην
641 552 687 602 ἐπὶ
708 546 774 614 νηὸς
793 545 844 603 ἰῶν
865 548 1087 622 δολιχηρέτμοιο.

437 635 542 696 πολλὰς
560 635 617 708 γὰρ
638 635 669 703 δὴ
691 638 792 696 νύκτας
812 638 940 708 dornella
960 641 1002 692 ἐνὶ
1022 643 1099 709 κοίτῃ

437 725 510 775 ἄεσα
529 730 576 775 καί
594 723 617 777 τ’
636 727 777 791 δνέμεινα
796 724 938 797 ἐύθρονον
957 725 1026 777 ’flou
1046 723 1121 786 δῖαν,

438 810 505 864 odd(
524 819 550 863 rt
567 830 619 879 μοι
639 811 823 885 ποδάνιπτρα
842 811 940 865 ποδῶν
959 812 1100 884 ἐπιήρανα
1117 813 1204 880 θυμῷ

435 905 553 967 γίνεται·
574 898 642 953 οδδὲ
662 900 731 968 γυνῆ
752 899 842 959 ποδὸς
860 895 966 966 ἅψεται
986 901 1145 970 ἡμετέροιο.

210 1019 316 1103 Igitur
349 1041 370 1085 a
403 1022 544 1103 genuino
578 1022 712 1088 Homeri
746 1040 894 1087 sermone
929 1021 1084 1087 abhorret
1114 1020 1196 1086 ι’σὺω
1225 1039 1247 1086 a
1277 1019 1405 1086 notione

210 1124 424 1191 dormiendi
446 1125 480 1190 in
502 1126 652 1192 latiorem
676 1126 860 1210 degendi
882 1125 1079 1192 traductum.
1114 1125 1209 1209 Quod
1230 1141 1298 1190 non
1322 1123 1407 1189 cadit

209 1229 242 1294 in
266 1228 421 1295 aoristnm
446 1229 530 1296 ἄεσα
554 1250 649 1312 quem
672 1232 766 1297 multi
788 1230 1004 1313 adpraesens
1029 1229 1109 1295 ἰσύω
1132 1230 1301 1312 pertinere
1326 1227 1407 1294 arhi-

209 1337 355 1414 trantur‚
399 1334 518 1416 partim
561 1364 581 1401 σ
619 1336 716 1419 longo
759 1341 970 1419 augmentum
1006 1335 1188 1418 temporale
1225 1332 1375 1412 indicari
1385 1332 1406 1415 ι)

209 1437 328 1519 partim
354 1466 373 1503 a
397 1439 431 1506 vi
453 1439 584 1505 litterae
607 1440 751 1507 aeolicae
773 1440 898 1525 (ἅμσσ)
922 1440 1056 1523 produci
1078 1437 1331 1524 suspicantes.²)
1367 1439 1408 1502 At

211 1543 307 1610 σ’ἐσσι
329 1545 417 1626 apud
440 1544 617 1611 Homerum
648 1546 777 1612 omnino
807 1565 871 1613 non
902 1565 976 1613 eum
1003 1545 1067 1611 dici
1097 1545 1152 1625 qui
1182 1543 1406 1620 dormiret,

210 1648 269 1714 sed
292 1649 346 1729 qui
374 1647 531 1735 (noctem)
563 1650 744 1735 degeret
773 1651 964 1719 observavit
993 1650 1103 1716 Christ
1132 1648 1316 1715 Lautlehre
1348 1647 1408 1712 238

210 1751 330 1837 (uttam
356 1752 408 1819 die
423 1753 531 1819 Nacht
552 1754 768 1840 zubringen’).
800 1756 938 1822 Accedit
960 1755 1046 1837 qruod
1072 1753 1168 1820 σ’έσσι
1189 1753 1281 1819 nullo
1304 1749 1408 1836 loco³)

210 1856 432 1924 additamento
464 1858 601 1937 νύκτας)
632 1865 740 1942 caret,
772 1861 858 1927 unde
887 1862 959 1927 iure
982 1860 1117 1943 colligas
1140 1859 1210 1925 sine
1232 1859 1296 1923 hoc
1320 1855 1408 1924 vocis

208 1963 409 2030 intellectum
445 1965 537 2045 quasi
572 1985 720 2031 mancum
756 1985 829 2032 esse
867 1970 965 2047 atoue
999 1964 1235 2047 imperfectum.
1284 1962 1408 2046 Quibus

209 2067 437 2150 discrepantiis
468 2073 521 2134 sat
554 2069 711 2151 gravibus
746 2068 841 2135 ᾰὲσσι
874 2068 1071 2135 homericum
1101 2070 1143 2134 ab
1174 2066 1256 2133 iada>
1287 2066 1407 2131 ducere

209 2178 368 2237 vetamur.
414 2172 496 2238 Rem
520 2191 581 2238 acu
610 2172 721 2256 tetigit
755 2173 880 2256 Beniey
913 2173 995 2239 WL.
1028 2173 1045 2237 Ι
1079 2174 1142 2238 298
1176 2175 1253 2236 sort.
1286 2169 1406 2235 oasin

209 2279 483 2361 comparationem
499 2279 662 2365 vocator)
692 2279 764 2344 Hac
787 2276 1002 2362 originatione
1025 2277 1102 2343 freti
1124 2276 1157 2342 in
1182 2274 1276 2341 ἀέσαι
1296 2304 1317 2340 a
1334 2295 1405 2358 pro·

208 2383 364 2449 theticnm
388 2403 460 2449 esse
484 2390 624 2466 sumunt,
649 2403 734 2465 quae
756 2403 843 2449 nunc
866 2383 998 2450 videtur
1020 2386 1154 2463 recepta
1177 2379 1296 2461 opinio.
1343 2379 1405 2445 Sed

207 2487 295 2552 haud
318 2488 383 2573 scio
408 2508 450 2554 an
472 2489 570 2572 longe
593 2488 690 2555 aliam
721 2490 808 2555 viam
837 2487 989 2554 insistere
1020 2489 1184 2568 praestet,
1215 2489 1302 2565 quae
1330 2483 1405 2550 mihi

207 2591 336 2670 quidem
360 2593 461 2657 multo
486 2593 589 2676 magis
613 2591 746 2657 arridet.

281 2851 300 2920 ¹)
319 2852 375 2906 Leo
394 2851 490 2921 Meyer
508 2851 564 2908 ΚΖ.
584 2850 664 2906 XXll
684 2856 733 2904 530
752 2866 810 2920 sqq.
836 2882 865 2890 —
886 2851 996 2906 Curtius
1014 2852 1060 2906 Gr.
1080 2849 1095 2921 ἐ
1113 2855 1165 2904 tto
1182 2848 1216 2906 D.
1238 2864 1266 2917 p.
1285 2853 1327 2902 88.
1365 2846 1405 2903 Cf.

207 2937 318 2993 Belslser
335 2938 403 2992 ΗΒΙ.
422 2938 450 2993 ll
470 2945 509 2993 11.

278 3027 298 3092 2)
316 3023 392 3079 velut
410 3025 538 3081 llinrichs
557 3026 574 3083 l.
594 3027 612 3080 l.
633 3030 672 3080 ll.

278 3116 298 3176 3)
318 3113 420 3168 Contra
438 3113 550 3168 Homeri
568 3129 645 3169 mum
663 3122 760 3183 peccat
773 3114 996 3184 Wackernagelii
1014 3114 1070 3169 KZ.
1085 3112 1163 3166 XXV
1176 3117 1228 3166 tle
1246 3111 1404 3166 coniectura

207 3223 224 3254 u
248 3204 296 3256 367
316 3215 366 3268 pro
392 3200 468 3255 νύκτ’
495 3205 608 3272 ἄσαμεν
632 3201 849 3258 commendantis
876 3202 1026 3272 ἂέσσαμεν.
1064 3198 1164 3255 Melius
1187 3198 1290 3254 collato
1311 3204 1337 3253 Δ
1353 3203 1403 3252 425

207 3287 324 3344 Mentad
343 3287 360 3340 l.
380 3288 397 3342 l.
417 3303 444 3357 p.
466 3293 513 3342 los

382 3394 486 3446 οὔποτε
506 3392 580 3447 νύκτ’
600 3396 707 3468 ἠπείρῳ
727 3395 896 3463 οἶμσσαμεν,
917 3393 975 3446 ἄλλ’
995 3397 1036 3448 ἔνι’
1057 3395 1152 3462 πόντῳ
1171 3394 1227 3446 xri.

278 3497 297 3563 ⁴)
317 3495 467 3566 Benfeyum
485 3503 593 3552 secutus
612 3503 654 3552 est
679 3496 772 3553 Christ
793 3497 946 3552 Lautlehre
974 3502 1020 3550 141
1046 3498 1116 3549 rade
1140 3498 1214 3551 ἄεσα
1243 3497 1327 3561 αὐλή,
1357 3500 1404 3548 188

207 3576 279 3635 εὕδω
299 3583 365 3649 sord
384 3583 419 3638 ab
438 3598 493 3638 uno
513 3601 559 3637 vos
578 3589 714 3650 repetens.
751 3582 792 3640 Cf.
812 3582 896 3639 etiam
914 3583 971 3640 Leo
990 3583 1085 3653 Meyer
1103 3582 1160 3640 KZ.
1173 3582 1254 3639 uult
1275 3587 1327 3638 580
1346 3598 1404 3651 sqq.

207 3676 268 3724 scrt.
290 3689 336 3723 ves
361 3670 427 3725 ‘sich
451 3669 612 3737 raththen,
637 3670 783 3725 versellan
810 3670 867 3725 und
893 3687 968 3726 auur
993 3670 1104 3740 speciell
1132 3669 1190 3725 sich
1218 3671 1288 3725 tiber
1313 3668 1406 3725 Naeht

207 3757 367 3825 eumenen,
392 3758 581 3814 ubernachten
609 3758 668 3826 [mit
692 3758 748 3813 und
771 3757 1104 3828 ohnerutn'mnoctem13
1125 3757 1296 3825 wohncn;v.
1316 3773 1338 3810 c.
1360 3775 1406 3811 σοι

206 3848 268 3915 ρρὴε
288 3846 345 3901 sich
365 3845 521 3911 aussralten‚
539 3844 664 3912 wohnen,
683 3843 809 3898 lebenin
829 3844 916 3898 einem
936 3845 1030 3899 hanse'
1050 3845 1124 3900 Roth
1145 3843 1200 3899 KZ.
1220 3844 1287 3899 xlx
1306 3848 1359 3898 220
1378 3850 1405 3898 et

206 3931 272 3984 PW.
299 3950 319 3985 s.
346 3949 369 3988 v.
398 3932 611 3988 deauratissime
639 3930 787 3999 respondet
811 3938 865 4000 got.
892 3935 977 3989 σιίαο.
1014 3933 1080 3990 huc.
1102 3939 1176 3999 19,ο
1201 3935 1328 4003 σήμερον
1348 3931 1404 4002 γὰρ

208 4023 239 4072 ἐν
256 4021 294 4088 τῷ
320 4024 388 4089 οἴκῳ
411 4037 461 4073 σου
482 4020 527 4073 δεῖ
542 4038 579 4089 με
599 4029 698 4089 μεῖναι
727 4020 935 4081 (nutritiorum
956 4025 981 4081 ‘ll
1006 4045 1038 4072 =
1065 4020 1176 4075 ‘himma
1196 4019 1269 4088 daga
1296 4019 1352 4075 auk
1377 4021 1405 4074 in

207 4105 293 4173 garda
310 4105 467 4173 peinamma
485 4106 546 4161 elral
565 4106 594 4160 ih
612 4106 697 4161 visan’
718 4105 851 4174 (ussaljan
870 4124 895 4164 v.
916 4109 953 4173 t).
984 4113 994 4159 l
1016 4106 1138 4161 Corinth.
1161 4111 1201 4171 16,
1221 4113 1235 4159 6
1262 4126 1405 4178 παραχει-

206 4196 299 4264 μάσαι
318 4218 351 4236 =
370 4193 469 4248 ‘vintru
487 4193 581 4249 visan?
606 4192 672 4250 Luc.
687 4198 710 4258 8,
725 4198 755 4246 ‘tl
777 4200 822 4247 καὶ
844 4196 874 4247 ἐν
893 4198 968 4263 elatu
983 4194 1033 4247 οδκ
1052 4195 1153 4262 ἔμενεν
1173 4192 1200 4260 [i.
1213 4207 1237 4250 e.
1256 4192 1405 4248 habitabat

207 4288 249 4337 ‘ox
277 4280 472 4336 Graeculorum
501 4281 585 4336 more'
613 4279 699 4335 Cobet
732 4280 803 4335 Vh.²
828 4287 873 4348 σος
901 4279 936 4334 cf.
963 4279 1011 4334 lat.
1034 4297 1137 4333 manere
1169 4279 1265 4334 eadem
1291 4281 1405 4337 notione

207 4378 368 4437 usurpatum
393 4384 453 4423 cum
478 4368 506 4421 in
529 4366 618 4423 titulis
641 4375 697 4423 tum
724 4365 798 4437 apud
821 4367 968 4437 scriptores
986 4366 1060 4421 volnt
1079 4364 1202 4421 Martial.
1221 4366 1288 4421 Vlll
1310 4373 1350 4436 14,
1370 4370 1406 4437 tl,

207 4454 266 4514 dul·
286 4458 316 4510 ἐν
334 4465 392 4515 rere
410 4456 560 4526 μνήμασιν
578 4480 612 4506 .-.
631 4454 688 4527 ‘jah
707 4455 735 4508 iu
754 4454 841 4524 garda
861 4456 888 4510 ni
907 4469 1000 4524 gavas,
1019 4452 1056 4511 sk
1074 4454 1102 4509 in
1121 4453 1312 4512 hlaivasnom'.
