2940 5026
694 184 930 248 ,140-

212 372 357 454 metrica,
380 391 445 438 non
468 374 509 440 de
532 375 666 443 vocibus
680 378 812 440 retenta
835 373 984 440 sollemni
1006 391 1161 439 mensura
1176 377 1297 439 contra
1320 375 1411 440 metri

211 475 318 558 legam
340 476 451 544 versui
472 477 616 544 insertis.

285 581 402 673 dones
425 589 460 648 11
482 581 525 667 (si
539 584 665 668 tamen)
689 583 794 666 Dares
816 601 940 650 moram
962 599 1048 662 quac
1070 579 1240 647 vocabulis
1264 579 1412 647 inhabilis

212 685 405 767 quantitatis
435 688 530 754 deest
559 688 682 757 vocalis
711 688 937 772 productione,
967 686 1087 752 Aeoles
1117 704 1286 752 consonae
1316 686 1411 769 gemi-

211 789 344 856 natione
375 791 591 879 (θερράπονος
622 795 773 880 neppam)
804 810 1017 875 compensare
1047 790 1160 857 solitos
1190 789 1296 856 fuisse
1327 795 1412 858 recte
1457 861 1459 863 ,

211 894 445 963 animadvertit
478 897 577 979 Fial,
615 897 648 964 in
686 917 724 965 eo
759 903 870 964 tamen
909 914 1042 977 errans,
1078 893 1164 976 quod
1197 894 1412 976 productione

211 999 347 1065 metrica
369 1019 434 1066 non
457 1001 675 1082 quantitatem
698 1003 805 1085 modo,
837 1003 896 1068 sed
919 1000 1112 1083 qualitatem
1135 1017 1268 1080 quoque
1290 999 1412 1067 vocalia

211 1104 331 1170 mutari
354 1105 499 1186 potuisse
522 1106 708 1189 suspicatus
732 1106 828 1192 1111)
873 1107 968 1191 Quod
990 1105 1040 1172 ita
1062 1125 1135 1171 cum
1157 1123 1275 1170 rerum·
1294 1111 1412 1171 natura

212 1214 246 1273 at
267 1218 329 1275 usn
359 1215 531 1291 poetarum
563 1239 577 1277 ε
606 1211 640 1277 in
671 1238 709 1292 ει,
743 1240 758 1277 ο
788 1212 822 1278 in
855 1240 890 1279 ov
920 1212 1168 1294 producentium
1199 1216 1236 1276 11
1265 1210 1411 1291 plurimis

210 1312 396 1380 traditionis
418 1315 613 1382 testimoniis
628 1321 764 1401 pugnat,
788 1323 826 1384 ut
840 1317 903 1384 nisi
923 1317 1031 1385 victus
1047 1315 1237 1382 certissimis
1254 1314 1411 1397 exemplis

212 1456 252 1464 -
276 1419 385 1500 qualia
409 1425 519 1486 tamen
542 1440 606 1486 non
630 1423 752 1488 adsunt
776 1460 815 1468 —
839 1422 994 1488 assentiri
1016 1440 1185 1502 nequeam.
1233 1420 1331 1504 Quae
1354 1421 1412 1486 lmc

210 1522 376 1603 pertinere
399 1523 480 1606 visa,
512 1544 571 1591 suo
593 1526 663 1592 loco
691 1528 937 1609 tractabuntur3
969 1527 1010 1592 de
1042 1524 1102 1613 ἤκή
1126 1524 1319 1590 Archilochi
1349 1524 1411 1591 dixi

210 1645 285 1708 pag.
316 1630 346 1693 6.
393 1628 630 1696 (dominationis
661 1632 811 1713 exempla
843 1632 877 1697 in
904 1633 1047 1698 Homero
1078 1629 1175 1698 obvia
1203 1629 1353 1696 fortasse
1381 1630 1410 1696 in

210 1731 368 1797 sermonis
391 1733 506 1798 aeolici
528 1733 677 1817 vestigiis
699 1734 870 1802 homericis
892 1734 1103 1801 numeranda.

297 1835 390 1919 Quae
424 1837 579 1921 leguntur
609 1838 697 1921 apud
725 1840 935 1908 Mahlowium
964 1840 1055 1907 ΑΕΟ
1089 1841 1167 1905 132:
1207 1840 1332 1906 ί111111
1364 1839 1410 1906 bei

209 1939 333 2006 Homer
363 1941 414 2007 ein
439 1944 535 2009 Wort
564 1945 746 2027 gebraucht
776 1946 909 2012 wardan
939 1964 1046 2026 1111111,
1075 1945 1135 2010 das
1165 1943 1257 2010 nicht
1286 1945 1323 2010 in
1354 1945 1410 2011 das

210 2045 383 2113 Versmass
412 2053 522 2129 passt,
554 2067 590 2114 so
620 2047 703 2115 wird
733 2049 870 2116 niemals
900 2050 960 2115 der
989 2049 1092 2116 durch
1120 2049 1183 2115 den
1206 2049 1410 2116 Versaccent

209 2149 377 2231 gehobene
405 2152 506 2218 kurae
534 2153 637 2219 Vocal
667 2155 875 2237 verlingert3
911 2173 1008 2221 wenn
1041 2160 1117 2220 m‘an
1152 2151 1265 2235 ἀνέρες
1297 2152 1408 2220 ἀπονέ-

84 2323 88 2332 ,
210 2261 307 2319 εσθαι
337 2255 501 2334 ἀθάνατος
522 2257 565 2322 im
589 2257 812 2341 dactylischen
843 2259 1016 2325 Versmass
1040 2260 1206 2324 brauchen
1233 2259 1349 2341 durtte
1372 2296 1406 2306 -—

210 2359 262 2425 die
295 2361 347 2426 bei
382 2363 441 2429 der
475 2364 660 2431 Recitation
694 2363 885 2430 schwerlioh
919 2361 1027 2449 ἃνέρες
1061 2383 1092 2428 u.
1126 2383 1151 2429 s.
1185 2363 1226 2444 l,
1267 2365 1406 2431 sondem

209 2462 338 2550 ἅννέρες
373 2469 574 2550 gesprochen
610 2468 747 2536 worden
783 2506 823 2515 —-
858 2487 894 2533 so
929 2467 985 2551 lag
1019 2466 1109 2532 nicht
1145 2466 1205 2533 der
1240 2469 1405 2553 geringste

209 2570 324 2636 Grund
354 2573 423 2638 vor‘
448 2591 475 2637 1.
500 2592 529 2652 q.
554 2591 580 2637 s.
604 2572 692 2639 unde
722 2571 873 2638 didicerit
902 2576 1035 2653 auctor,
1070 2569 1190 2637 nescio.
1237 2573 1315 2655 Ego
1344 2579 1405 2639 tra·

209 2674 340 2741 ditionis
368 2676 466 2741 fidem
495 2675 649 2742 deserere
672 2675 766 2742 naias
796 2675 878 2742 duco
906 2675 1094 2757 priusquam
1122 2676 1316 2744 ementitam
1340 2698 1404 2744 ean

209 2797 281 2842 esse
312 2784 411 2859 atque
441 2778 592 2845 fallacem
621 2779 709 2845 iusta
739 2779 1023 2863 argumentatione
1051 2780 1314 2849 demonstratum
1339 2783 1403 2849 erit.

209 2882 303 2966 Quod
327 2884 369 2949 ad
392 2885 452 2950 hoc
475 2884 707 2966 temporisnec
728 2884 923 2951 factumest
945 2904 1006 2952 nec
1028 2885 1100 2952 fleri
1122 2887 1283 2966 quomodo
1308 2888 1405 2971 possit

208 2987 358 3069 equidem
381 2989 487 3058 video.

207 3230 233 3295 1.
258 3230 479 3296 Vocabula
502 3250 607 3311 quae
631 3233 676 3297 ob
699 3232 891 3298 brevium
915 3232 1180 3316 syllabarum
1204 3236 1403 3302 continuo

207 3353 302 3399 sese
325 3333 634 3417 excipientium
662 3355 877 3402 numerum
908 3336 1000 3403 sine
1023 3356 1250 3403 mensurae
1273 3346 1402 3406 muta-

207 3439 312 3505 tione
336 3458 475 3507 versus
499 3439 634 3521 apicus
657 3459 731 3508 non
747 3441 923 3507 admittit
938 3460 1050 3508 unam
1072 3442 1153 3508 ictu
1176 3445 1402 3524 producunt.

293 3594 333 3660 In
368 3594 535 3660 vocabulis
570 3614 654 3676 quae
684 3616 705 3662 a
735 3598 839 3664 tribus
870 3599 1024 3666 brevibus
1053 3599 1214 3680 incipiunt
1247 3607 1403 3682 sequente

205 3699 313 3782 longa,
341 3706 460 3782 poetae
482 3706 661 3783 potuerunt
682 3702 812 3784 quidem
841 3709 976 3786 praeter
997 3703 1134 3785 primam
1164 3704 1299 3771 tertiam
1331 3725 1402 3787 quo·

206 3823 285 3886 que,
321 3805 354 3870 in
384 3805 424 3872 iis
459 3824 543 3886 quae
574 3825 594 3871 a
624 3807 729 3873 tribus
762 3806 917 3874 brevibus
950 3805 1139 3888 incipientia
1167 3806 1201 3873 in
1229 3810 1403 3892 ancipitem

206 3907 366 3991 (vocalem
381 3910 512 3992 longam
536 3929 561 3974 s.
579 3912 712 3977 brevem
735 3929 807 3976 oum
823 3910 979 3996 consona)
996 3917 1126 3991 exeunt,
1151 3911 1251 3977 etiam
1267 3914 1402 3981 alteram

205 4013 259 4077 vel
289 4012 420 4077 tertiam
450 4012 518 4078 ictu
541 4013 673 4096 efferre,
704 4015 763 4080 sed
790 4015 957 4081 malebant
978 4015 1012 4082 in
1035 4017 1182 4083 omnibus
1212 4018 1401 4099 primam,

206 4133 226 4179 a
249 4134 313 4195 qua
336 4115 569 4182 consuetudine
592 4136 656 4183 non
680 4120 838 4186 recedunt
859 4120 923 4186 nisi
945 4139 1046 4187 causa
1069 4126 1120 4186 111
1142 4121 1330 4203 peculiaris.

293 4219 386 4285 Inter
408 4239 520 4286 omnes
551 4220 620 4287 fere
650 4229 780 4290 constat
809 4230 843 4290 et
872 4225 993 4321 iudea
1021 4227 1223 4307 temporibus
1255 4234 1402 4295 veterum

278 4465 296 4529 ¹)
315 4459 447 4516 Similiter
466 4463 520 4517 iam
540 4463 649 4518 dhrens
668 4419 801 4530 Philolog.
821 4464 925 4518 XXXV
944 4471 977 4518 22
996 4466 1052 4524 alii.
