2940 5026
683 239 899 301 ⁴88·-

190 458 285 514 μοοες
309 430 345 514 (=
368 428 618 515 *drdfejq'pooveg)
650 426 741 505 ἂδεές
774 426 945 514 δεοοδὴςῑ)
970 428 1024 491 -a'a
1056 426 1254 492 ὖπέδδεισαν
1286 429 1393 510 περίδ-

193 540 304 600 δεισαι
335 542 397 599 etc.
429 554 455 598 c.
483 533 593 599 IOOIes
623 532 711 613 apud
739 532 935 615 Homerum;
974 550 1000 597 c.
1028 531 1117 597 liies
1155 530 1282 598 vocalis
1318 538 1392 596 ante

194 644 229 723 is
251 639 411 705 collocata
431 639 464 704 iu
487 636 574 703 thesi
597 636 797 718 producitur.
823 642 861 702 H
875 639 935 702 Ill
960 636 1180 718 corruptelam
1195 635 1324 702 indicat
1343 635 1392 702 vel

192 744 412 825 diphthongus
435 741 468 806 in
492 739 648 826 ἆδειὴς.’)
676 749 697 820 β
720 744 763 806 66
786 745 871 805 θεῶν
895 739 924 804 δ’
949 739 1142 805 ὑποδείσατε
1165 738 1273 825 μῆνιν,
1304 740 1392 806 cuius

193 846 350 913 correctio
374 846 448 911 ahss
465 846 599 928 Meyero
616 843 698 928 (KZ.
715 845 781 910 VH
799 844 875 931 197)
899 845 1030 927 prolata
1053 844 1150 928 (θεῶν
1173 848 1208 910 δὲ
1232 846 1392 929 effluere)

192 954 293 1018 habet
319 970 377 1016 cur
407 969 531 1016 summo
555 969 655 1032 opere
678 949 866 1032 displiceat,
897 968 962 1015 non
993 950 1141 1032 suppetit
1170 955 1264 1015 certa
1286 968 1392 1016 emen·

194 1055 300 1122 datio:
325 1055 531 1121 δποδείδιτεί
551 1056 617 1121 Pro
643 1055 769 1120 δεδίασι
793 1057 823 1119 Ω
839 1056 904 1120 663
928 1074 977 1120 ex.
1002 1073 1088 1122 vers.
1112 1055 1217 1136 possit
1233 1054 1393 1136 quispiam

194 1160 312 1225 collato
334 1159 492 1226 Ἱστίαιαν
515 1165 546 1224 Β
572 1162 634 1225 537
668 1179 718 1224 er.
743 1177 828 1225 vers.
853 1158 996 1225 scribere
1028 1158 1181 1242 irripere,
1214 1167 1253 1224 ut
1283 1186 1295 1223 ι
1323 1177 1393 1240 pro·

193 1264 399 1330 nuntiatione
429 1265 524 1345 quasi
551 1265 784 1345 absorbeatur;
816 1263 908 1330 cuius
938 1268 1048 1329 tamen
1079 1263 1217 1329 rationis
1242 1283 1306 1346 ego
1333 1282 1394 1329 nou

194 1376 310 1436 auctor
331 1368 493 1455 fuerimll

282 1478 311 1540 6.
336 1472 493 1557 Hesychii
519 1475 630 1558 yr'oyov
659 1492 718 1554 pro
740 1473 856 1556 fr'asov
883 1492 956 1539 esse
979 1473 1214 1540 intellexerunt
1237 1471 1395 1539 Thiersch

196 1579 267 1663 (Gr.
292 1576 369 1644 (ir.³
394 1576 470 1662 153)
495 1577 592 1642 Kulrn
616 1575 698 1661 (KZ.
722 1578 860 1664 11273)
888 1578 961 1660 alii,
992 1578 1044 1645 cui
1075 1576 1252 1658 suspicioni
1282 1575 1397 1642 favent

196 1682 426 1767 etymologia⁴)
467 1681 660 1764 superlativi
697 1680 802 1748 forma
840 1682 975 1748 achaica
1009 1682 1148 1751 ι’σόταια
1183 1681 1314 1747 Cauer²
1350 1700 1395 1746 ur.

196 1791 270 1868 268,
294 1790 337 1853 30
367 1785 423 1870 (cf.
447 1786 611 1871 κενότερος
643 1785 847 1872 στενότερος)
878 1791 957 1852 eret.
980 1788 1092 1870 fr‘ofoq
1122 1805 1185 1868 quo
1208 1785 1396 1852 testimonio

196 1891 398 1973 dissipantur
431 1890 474 1955 M.
506 1890 675 1956 Schmidtii
712 1890 933 1958 dubitationes
967 1892 1010 1958 ad
1047 1893 1152 1958 locum
1191 1897 1226 1957 et
1261 1892 1396 1974 Quaest.

197 1996 339 2079 Hesych.
368 1994 426 2059 CX
454 1995 528 2060 adu.
557 1994 716 2076 prolatae.
749 1991 854 2080 20045)
885 2015 958 2061 cum
989 1996 1117 2063 casibus
1148 1994 1289 2077 obliquis
1322 1999 1396 2061 ι’σιι-

271 2257 289 2322 Ι)
309 2255 431 2322 θεουδής
449 2269 465 2309 e
485 2255 638 2326 *deodJejq's
658 2256 711 2310 rite
733 2260 914 2310 contractum.
951 2255 1037 2323 α’δεδς
1056 2262 1084 2310 et
1102 2256 1204 2310 similia
1222 2254 1334 2310 habent
1353 2276 1366 2312 ε
1383 2271 1397 2310 e

198 2344 307 2398 nomine
335 2344 413 2408 δέος,
438 2343 511 2411 quod
539 2348 570 2396 ut
594 2341 760 2412 bisyllabum
783 2343 998 2397 contractionem
1022 2349 1189 2411 aspernatur
1207 2345 1240 2410 (r.
1260 2360 1326 2412 pag.
1348 2347 1398 2409 11),

197 2431 368 2498 restitutum
396 2428 469 2498 quod
496 2429 567 2484 idem
595 2430 624 2484 in
652 2432 763 2496 εδκίεδς
792 2431 923 2497 δυσκλεής
950 2431 1179 2499 (δοσκίείσιαιος
1204 2432 1305 2486 Aesch.
1327 2433 1397 2487 Pers.

198 2524 248 2571 112
268 2518 315 2584 al.)
335 2517 465 2572 accidisse
483 2514 656 2584 patefaciunt
674 2516 833 2571 nominativi
858 2516 886 2570 in
909 2519 991 2584 -ιιλῆς
1017 2526 1044 2572 et
1063 2517 1193 2586 Hesychii
1212 2520 1314 2586 εδκλιῑς
1334 2521 1396 2587 legi·

197 2605 263 2660 time
281 2605 417 2660 contracti
433 2605 589 2677 (Ἡράκλεις
608 2605 677 2668 voc.)
694 2633 728 2640 -
748 2603 791 2656 Ad
817 2604 911 2661 ClAtt.
930 2606 943 2658 1
962 2611 1026 2674 322,
1050 2612 1065 2658 2
1090 2610 1236 2661 JJOAHX
1251 2606 1397 2675 adscripsit

105 2717 107 2719 ¹
197 2690 345 2747 Kirchhoii
360 2692 429 2746 haec
448 2691 565 2756 ιΔιιιιίίης
588 2689 725 2758 lapicidae
753 2705 845 2745 errore
873 2693 1005 2760 scriptum
1032 2691 1141 2747 videtur
1167 2708 1219 2760 pro
1247 2695 1396 2761 Διώιδιςξ

198 2781 280 2834 immo
298 2785 353 2847 est,
373 2778 425 2832 nisi
449 2792 616 2844 magnopere
639 2776 732 2845 fallor,
757 2779 861 2845 Διοδῆς
879 2780 900 2848 (:
924 2781 1046 2847 θεουδής
1064 2805 1097 2823 =
1117 2782 1264 2854 Ἡρακλῆςι
1289 2786 1397 2848 εὐειδής,-

198 2887 204 2920 ;
225 2867 334 2932 Θοοδῆς
354 2891 386 2909 =
406 2870 523 2935 Δίογνις
543 2865 638 2921 cluat.
657 2864 669 2916 1
691 2870 749 2932 164,
771 2870 815 2918 16:
837 2870 978 2936 Θέογνις).

269 2954 290 3022 ¹)
310 2954 365 3007 Pro
389 2953 482 3013 δείους
505 2951 612 3019 pridem
637 2953 715 3013 δίεος
739 2951 895 3021 reductum3
920 2954 1073 3010 Hermanni
1100 2957 1176 3015 δεῖος
1195 2957 1222 3014 h.
1240 2957 1268 3011 h.
1287 2957 1330 3011 111
1351 2963 1396 3011 lat

198 3048 381 3095 commentum
400 3054 460 3094 esse
478 3040 673 3108 nequissimum
692 3039 775 3095 hodie
793 3049 910 3098 constat.

271 3129 292 3197 8)
309 3128 470 3195 περιδείδια
491 3127 675 3183 ὑπεδείδισαν
695 3129 835 3184 ὑποδείδι’
854 3130 919 3183 dies
939 3159 972 3170 —-
994 3131 1166 3190 ὑποδδείσας
1185 3131 1248 3186 Hes.
1263 3132 1338 3187 Scut.
1358 3140 1397 3189 98.

200 3216 351 3275 δειδίξεται
369 3222 463 3270 tamen
486 3214 559 3270 Scut.
581 3222 627 3270 111
657 3217 794 3286 integrum
822 3232 882 3272 esse
909 3218 976 3272 mihi
1003 3217 1171 3287 persuadere
1193 3234 1307 3287 nequeo.
1345 3220 1397 3274 Ex·

198 3312 340 3372 pectamus
358 3303 430 3357 enim
449 3304 478 3357 iu
496 3303 635 3358 sententia
647 3303 770 3358 versibus
791 3309 840 3358 108
854 3320 912 3372 sqq.
931 3319 1063 3373 expressa
1080 3304 1193 3360 verbum
1215 3305 1289 3373 quod
1308 3308 1398 3376 aptius

198 3389 333 3444 infinitivo
358 3391 514 3460 φεύξεσθαι
537 3407 560 3446 v.
583 3396 631 3443 112
655 3398 811 3459 opponatur
839 3391 1000 3459 (sustinere,
1028 3392 1183 3461 bestehen);
1210 3391 1245 3448 cl.
1272 3392 1398 3462 Xenoph.

199 3476 289 3533 Anab.
316 3476 354 3529 VI
385 3484 415 3544 5,
444 3484 475 3531 el
513 3480 639 3533 ἐνταῦθα
677 3481 773 3533 sextu
811 3479 942 3537 ἐδέξαντο
971 3484 998 3534 οἱ
1026 3484 1160 3540 πολέμιοι
1188 3481 1247 3535 alt
1275 3486 1398 3553 ἔφευγον

199 3565 356 3634 (Agesilaus
374 3571 399 3634 ί,
421 3569 471 3630 11).
508 3566 549 3620 Ne
572 3564 673 3634 multa,
699 3564 774 3620 Scuti
799 3572 896 3621 auctor
919 3566 1060 3623 homerica
1085 3568 1212 3622 διίδεκεο
1239 3570 1397 3640 διιδίχιιιιιι

199 3668 345 3721 perperam
371 3668 388 3706 a
409 3654 530 3722 δέχομαι
553 3651 631 3706 duxit
655 3657 685 3705 et
712 3651 775 3706 inde
802 3650 944 3720 profectus
971 3651 1094 3708 futurum
1122 3655 1277 3714 δειδίξειαι
1296 3687 1330 3695 -
1349 3658 1399 3713 hoc

198 3742 270 3796 enim
290 3740 491 3797 restituendum
514 3772 542 3779 -
563 3740 659 3794 eadem
679 3756 761 3807 quam
781 3741 900 3810 regulari
921 3742 1063 3800 δεδίέειαι
1082 3743 1171 3798 inesse
1192 3744 1261 3798 vidit
1279 3746 1316 3811 (E
1339 3747 1397 3812 238)

199 3830 311 3884 notione
330 3829 452 3884 donavit.

271 3920 293 3981 ⁴)
314 3917 424 3970 Curtius
444 3915 539 3970 Grda.⁶
558 3920 617 3972 378.
638 3946 670 3955 -
684 3922 780 3986 plosor
800 3916 844 3984 qui
869 3932 883 3971 e
903 3915 991 3973 forma
1009 3917 1144 3986 primaria
1162 3922 1274 3974 aits-eos
1293 3919 1400 3974 derivat

200 4003 324 4071 (Beohtel
355 4003 454 4057 Philol.
484 4004 597 4071 Anzeig.
629 4010 703 4072 1886,
733 4010 762 4058 15
793 4005 962 4060 assentiente
989 4005 1166 4074 Bragmanuo
1194 4005 1343 4062 Grundriss
1374 4008 1398 4059 ll

200 4106 226 4157 p.
245 4090 323 4159 XIII)
343 4106 397 4144 non
416 4091 519 4157 poterit
538 4091 676 4158 explicare
695 4107 743 4145 cur
764 4101 863 4160 poetae
890 4092 1010 4160 priorem
1038 4091 1175 4162 syllabam
1202 4093 1231 4146 in
1253 4093 1327 4148 thesi
1350 4109 1399 4162 pro

202 4178 285 4245 longa
305 4177 436 4232 adhibere
455 4179 534 4233 veriti
553 4180 616 4233 sint.
637 4210 668 4219 -
689 4197 724 4251 of
739 4181 783 4235 oui
801 4181 940 4236 antecedit
957 4181 1059 4236 vocalis
1076 4188 1191 4235 accentu
1210 4182 1287 4236 elata
1306 4183 1333 4235 in
1346 4182 1399 4249 (σο)

201 4273 373 4332 emulatur,
400 4275 498 4321 contra
524 4270 566 4322 cui
585 4268 687 4324 vocalis
706 4278 821 4324 accentu
846 4269 995 4336 destituta,
1022 4269 1117 4324 interit
1141 4270 1229 4323 vocali
1248 4269 1298 4324 illa
1321 4268 1400 4323 simul

198 4342 250 4420 'per
267 4355 515 4419 compensationem
535 4354 668 4423 producta
688 4354 744 4423 (ῒός
760 4375 793 4404 <
809 4356 908 4425 *lusda
928 4357 998 4416 νῑιός
1013 4377 1045 4405 <
1059 4357 1201 4428 *ιασχός);
1221 4356 1257 4410 cf.
1273 4372 1338 4425 pag.
1362 4361 1399 4409 ll.

272 4441 293 4507 1)
312 4440 353 4495 De
373 4440 444 4495 vocis
459 4442 519 4501 ι’σος
531 4448 598 4503 ,roos
616 4457 744 4497 mensura
757 4441 809 4495 hoc
827 4441 928 4510 legitur
940 4448 1119 4509 praeceptum
1133 4442 1197 4499 EM.
1208 4449 1268 4510 lit,
1284 4449 1317 4496 10
1330 4460 1398 4512 soa:

202 4523 314 4599 εὕρηται
335 4529 364 4580 τὸ
385 4552 393 4582 ι
412 4531 525 4602 μακρὸν
545 4536 590 4582 καὶ
610 4529 709 4603 βραχὺ·
730 4527 806 4601 παρὰ
826 4532 883 4601 μὲν
902 4530 940 4602 τῷ
965 4531 1065 4604 ποιητῇ
1091 4532 1138 4584 εἰεὶ
1164 4530 1295 4605 μακρὸν,
1322 4532 1399 4606 παρὰ
