<?xml version="1.0" encoding="UTF-8"?>
<!DOCTYPE html PUBLIC "-//W3C//DTD XHTML 1.0 Transitional//EN"
    "http://www.w3.org/TR/xhtml1/DTD/xhtml1-transitional.dtd">
<html xmlns="http://www.w3.org/1999/xhtml" xml:lang="en" lang="en">
 <head>
  <title>
</title>
<meta http-equiv="Content-Type" content="text/html;charset=utf-8" />
  <meta name='ocr-system' content='tesseract 3.04.00' />
  <meta name='ocr-capabilities' content='ocr_page ocr_carea ocr_par ocr_line ocrx_word'/>
</head>
<body>
  <div class='ocr_page' id='page_1' title='image "./quaestionesepca00schugoog_0515.png"; bbox 0 0 2964 5018; ppageno 0'>
   <div class='ocr_carea' id='block_1_1' title="bbox 701 176 936 238">
    <p class='ocr_par' dir='ltr' id='par_1_1' title="bbox 701 176 936 238">
     <span class='ocr_line' id='line_1_1' title="bbox 701 176 936 238; baseline -0.004 0"><span class='ocrx_word' id='word_1_1' title='bbox 701 176 936 238; x_wconf 79' lang='grc'>-502-</span> 
     </span>
    </p>
   </div>
   <div class='ocr_carea' id='block_1_2' title="bbox 222 361 1430 4518">
    <p class='ocr_par' dir='ltr' id='par_1_2' title="bbox 222 361 1426 1276">
     <span class='ocr_line' id='line_1_2' title="bbox 223 361 1418 456; baseline -0.007 -22"><span class='ocrx_word' id='word_1_2' title='bbox 223 367 371 456; x_wconf 78' lang='grc' dir='ltr'><em>Διονύσῳ</em></span> <span class='ocrx_word' id='word_1_3' title='bbox 403 371 446 454; x_wconf 74' lang='grc' dir='ltr'>τῷ</span> <span class='ocrx_word' id='word_1_4' title='bbox 469 368 503 430; x_wconf 85' lang='grc' dir='ltr'>ὲν</span> <span class='ocrx_word' id='word_1_5' title='bbox 526 366 671 447; x_wconf 89' lang='grc' dir='ltr'><strong><em>Λίμναις</em></strong></span> <span class='ocrx_word' id='word_1_6' title='bbox 704 362 744 429; x_wconf 79' lang='grc' dir='ltr'>τὰ</span> <span class='ocrx_word' id='word_1_7' title='bbox 775 362 845 447; x_wconf 73' lang='grc' dir='ltr'><strong><em>ἱερὰ</em></strong></span> <span class='ocrx_word' id='word_1_8' title='bbox 875 367 1099 441; x_wconf 77' lang='grc' dir='ltr'><strong><em>ἐπιτελοῦσαν,</em></strong></span> <span class='ocrx_word' id='word_1_9' title='bbox 1132 369 1176 450; x_wconf 74' lang='grc' dir='ltr'>τῷ</span> <span class='ocrx_word' id='word_1_10' title='bbox 1208 361 1342 449; x_wconf 76' lang='grc' dir='ltr'><strong><em>α’ριθμῷ</em></strong></span> <span class='ocrx_word' id='word_1_11' title='bbox 1371 362 1418 426; x_wconf 65' lang='grc' dir='ltr'>ιδ’.</span> 
     </span>
     <span class='ocr_line' id='line_1_3' title="bbox 222 460 1420 554; baseline -0.007 -16"><span class='ocrx_word' id='word_1_12' title='bbox 222 473 304 538; x_wconf 83' lang='lat' dir='ltr'>Poll.</span> <span class='ocrx_word' id='word_1_13' title='bbox 321 471 404 536; x_wconf 88' lang='lat' dir='ltr'>VIII</span> <span class='ocrx_word' id='word_1_14' title='bbox 423 471 483 535; x_wconf 84' lang='lat'>108</span> <span class='ocrx_word' id='word_1_15' title='bbox 509 470 583 552; x_wconf 84' lang='grc' dir='ltr'><strong><em>περί</em></strong></span> <span class='ocrx_word' id='word_1_16' title='bbox 604 472 758 553; x_wconf 79' lang='grc' dir='ltr'><strong><em>γεραρῶν·</em></strong></span> <span class='ocrx_word' id='word_1_17' title='bbox 784 460 882 533; x_wconf 81' lang='grc' dir='ltr'><strong><em>αὗται</em></strong></span> <span class='ocrx_word' id='word_1_18' title='bbox 904 467 1031 553; x_wconf 78' lang='grc' dir='ltr'><strong><em>ἄρρητα</em></strong></span> <span class='ocrx_word' id='word_1_19' title='bbox 1056 465 1127 550; x_wconf 78' lang='grc' dir='ltr'><strong><em>ἱερὰ</em></strong></span> <span class='ocrx_word' id='word_1_20' title='bbox 1143 466 1297 554; x_wconf 80' lang='grc' dir='ltr'><em>Διονύσῳ</em></span> <span class='ocrx_word' id='word_1_21' title='bbox 1320 467 1420 544; x_wconf 74' lang='grc' dir='ltr'><strong><em>ἔθυον,</em></strong></span> 
     </span>
     <span class='ocr_line' id='line_1_4' title="bbox 222 569 1421 660; baseline -0.008 -18"><span class='ocrx_word' id='word_1_22' title='bbox 222 575 293 660; x_wconf 84' lang='grc' dir='ltr'><strong><em>μετ’</em></strong></span> <span class='ocrx_word' id='word_1_23' title='bbox 310 574 408 659; x_wconf 76' lang='grc' dir='ltr'><strong><em>ἄλλης</em></strong></span> <span class='ocrx_word' id='word_1_24' title='bbox 424 574 573 657; x_wconf 70' lang='grc' dir='ltr'><strong><em>θεωρίας·</em></strong></span> <span class='ocrx_word' id='word_1_25' title='bbox 591 573 732 657; x_wconf 71' lang='grc' dir='ltr'><strong><em>καθίστη</em></strong></span> <span class='ocrx_word' id='word_1_26' title='bbox 750 575 783 637; x_wconf 79' lang='grc' dir='ltr'>δὲ</span> <span class='ocrx_word' id='word_1_27' title='bbox 800 571 903 650; x_wconf 79' lang='grc' dir='ltr'><strong><em>αὐτὰς</em></strong></span> <span class='ocrx_word' id='word_1_28' title='bbox 920 572 936 638; x_wconf 85' lang='grc' dir='ltr'>ὁ</span> <span class='ocrx_word' id='word_1_29' title='bbox 952 569 1104 653; x_wconf 77' lang='grc' dir='ltr'><strong><em>βασιλεὺς</em></strong></span> <span class='ocrx_word' id='word_1_30' title='bbox 1121 570 1221 648; x_wconf 78' lang='grc' dir='ltr'><strong><em>οὔσας</em></strong></span> <span class='ocrx_word' id='word_1_31' title='bbox 1237 597 1421 653; x_wconf 84' lang='grc' dir='ltr'><strong><em>τεσσαραο-</em></strong></span> 
     </span>
     <span class='ocr_line' id='line_1_5' title="bbox 222 675 1424 760; baseline -0.003 -16"><span class='ocrx_word' id='word_1_32' title='bbox 222 681 364 745; x_wconf 62' lang='lat' dir='ltr'>caldana.</span> <span class='ocrx_word' id='word_1_33' title='bbox 410 677 481 743; x_wconf 82' lang='lat' dir='ltr'>‘Die</span> <span class='ocrx_word' id='word_1_34' title='bbox 506 679 655 760; x_wconf 73' lang='grc' dir='ltr'><strong><em>Γεροροί</em></strong></span> <span class='ocrx_word' id='word_1_35' title='bbox 672 677 832 759; x_wconf 81' lang='lat' dir='ltr'>gehorteu</span> <span class='ocrx_word' id='word_1_36' title='bbox 855 677 945 742; x_wconf 85' lang='lat' dir='ltr'>alten</span> <span class='ocrx_word' id='word_1_37' title='bbox 968 675 1424 757; x_wconf 85' lang='lat' dir='ltr'>Eupatridengeschleohtem</span> 
     </span>
     <span class='ocr_line' id='line_1_6' title="bbox 223 778 1425 865; baseline -0.005 -15"><span class='ocrx_word' id='word_1_38' title='bbox 223 785 276 850; x_wconf 89' lang='lat' dir='ltr'>an’</span> <span class='ocrx_word' id='word_1_39' title='bbox 300 780 452 863; x_wconf 85' lang='lat' dir='ltr'>Toepffer</span> <span class='ocrx_word' id='word_1_40' title='bbox 475 784 544 847; x_wconf 86' lang='lat' dir='ltr'>Att.</span> <span class='ocrx_word' id='word_1_41' title='bbox 570 781 652 847; x_wconf 84' lang='lat' dir='ltr'>Gen.</span> <span class='ocrx_word' id='word_1_42' title='bbox 680 783 718 846; x_wconf 83' lang='lat'>12</span> <span class='ocrx_word' id='word_1_43' title='bbox 743 778 788 863; x_wconf 93' lang='lat' dir='ltr'>(n.</span> <span class='ocrx_word' id='word_1_44' title='bbox 815 779 845 865; x_wconf 91' lang='lat' dir='ltr'>l)</span> <span class='ocrx_word' id='word_1_45' title='bbox 870 779 924 860; x_wconf 89' lang='lat' dir='ltr'>qui</span> <span class='ocrx_word' id='word_1_46' title='bbox 945 778 1083 844; x_wconf 88' lang='lat' dir='ltr'>formam</span> <span class='ocrx_word' id='word_1_47' title='bbox 1106 781 1249 864; x_wconf 75' lang='grc' dir='ltr'><strong><em>γεραραί</em></strong></span> <span class='ocrx_word' id='word_1_48' title='bbox 1268 778 1425 860; x_wconf 88' lang='lat' dir='ltr'>praetulit</span> 
     </span>
     <span class='ocr_line' id='line_1_7' title="bbox 224 882 1426 970; baseline -0.003 -18"><span class='ocrx_word' id='word_1_49' title='bbox 224 908 295 953; x_wconf 87' lang='grc'><strong>611111</strong></span> <span class='ocrx_word' id='word_1_50' title='bbox 330 886 498 952; x_wconf 83' lang='lat' dir='ltr'>Dindorfio</span> <span class='ocrx_word' id='word_1_51' title='bbox 541 885 695 967; x_wconf 77' lang='lat' dir='ltr'>aliisque3</span> <span class='ocrx_word' id='word_1_52' title='bbox 730 884 884 970; x_wconf 76' lang='lat' dir='ltr'>yaputpur&#39;</span> <span class='ocrx_word' id='word_1_53' title='bbox 917 883 971 950; x_wconf 84' lang='grc'><strong>1161</strong></span> <span class='ocrx_word' id='word_1_54' title='bbox 1006 884 1156 968; x_wconf 77' lang='grc' dir='ltr'><strong><em>γέραιραι</em></strong></span> <span class='ocrx_word' id='word_1_55' title='bbox 1191 882 1249 967; x_wconf 80' lang='lat' dir='ltr'>(de</span> <span class='ocrx_word' id='word_1_56' title='bbox 1289 888 1426 949; x_wconf 75' lang='lat' dir='ltr'>accentu</span> 
     </span>
     <span class='ocr_line' id='line_1_8' title="bbox 223 984 1426 1081; baseline 0 -26"><span class='ocrx_word' id='word_1_57' title='bbox 223 1008 351 1071; x_wconf 88' lang='lat' dir='ltr'>quoque</span> <span class='ocrx_word' id='word_1_58' title='bbox 374 989 467 1054; x_wconf 84' lang='lat' dir='ltr'><strong>codd.</strong></span> <span class='ocrx_word' id='word_1_59' title='bbox 491 987 637 1073; x_wconf 79' lang='lat' dir='ltr'>vomant)</span> <span class='ocrx_word' id='word_1_60' title='bbox 665 1005 778 1054; x_wconf 89' lang='lat' dir='ltr'>veram</span> <span class='ocrx_word' id='word_1_61' title='bbox 800 986 902 1053; x_wconf 85' lang='lat' dir='ltr'>fuisse</span> <span class='ocrx_word' id='word_1_62' title='bbox 925 985 1063 1052; x_wconf 89' lang='lat' dir='ltr'>nominis</span> <span class='ocrx_word' id='word_1_63' title='bbox 1090 984 1229 1081; x_wconf 66' lang='lat' dir='ltr'>sormam</span> <span class='ocrx_word' id='word_1_64' title='bbox 1253 987 1366 1054; x_wconf 87' lang='lat' dir='ltr'>discas</span> <span class='ocrx_word' id='word_1_65' title='bbox 1389 1007 1426 1054; x_wconf 82' lang='lat' dir='ltr'>ex</span> 
     </span>
     <span class='ocr_line' id='line_1_9' title="bbox 224 1093 534 1174; baseline 0 -15"><span class='ocrx_word' id='word_1_66' title='bbox 224 1093 343 1160; x_wconf 86' lang='lat' dir='ltr'>Kaibel</span> <span class='ocrx_word' id='word_1_67' title='bbox 365 1113 414 1158; x_wconf 87' lang='lat' dir='ltr'>nr.</span> <span class='ocrx_word' id='word_1_68' title='bbox 438 1096 490 1174; x_wconf 80' lang='lat'>44,</span> <span class='ocrx_word' id='word_1_69' title='bbox 521 1100 534 1159; x_wconf 90' lang='grc'>1</span> 
     </span>
     <span class='ocr_line' id='line_1_10' title="bbox 433 1203 1222 1276; baseline -0.004 -18"><span class='ocrx_word' id='word_1_70' title='bbox 433 1204 548 1273; x_wconf 80' lang='grc' dir='ltr'><strong><em>Μηιρὸς</em></strong></span> <span class='ocrx_word' id='word_1_71' title='bbox 568 1211 760 1259; x_wconf 75' lang='grc' dir='ltr'><strong><em>πανιοιέννου</em></strong></span> <span class='ocrx_word' id='word_1_72' title='bbox 780 1205 924 1275; x_wconf 75' lang='grc' dir='ltr'><strong><em>πρόπολος</em></strong></span> <span class='ocrx_word' id='word_1_73' title='bbox 943 1203 1034 1268; x_wconf 67' lang='grc' dir='ltr'><strong><em>σεμνή</em></strong></span> <span class='ocrx_word' id='word_1_74' title='bbox 1054 1222 1082 1255; x_wconf 82' lang='grc' dir='ltr'>ιε</span> <span class='ocrx_word' id='word_1_75' title='bbox 1102 1209 1222 1276; x_wconf 76' lang='grc' dir='ltr'><strong><em>γε’ραιροι</em></strong></span> 
     </span>
    </p>

    <p class='ocr_par' dir='ltr' id='par_1_3' title="bbox 224 1298 1426 1489">
     <span class='ocr_line' id='line_1_11' title="bbox 224 1298 1426 1385; baseline -0.001 -16"><span class='ocrx_word' id='word_1_76' title='bbox 224 1322 362 1385; x_wconf 83' lang='lat' dir='ltr'>quocum</span> <span class='ocrx_word' id='word_1_77' title='bbox 392 1301 542 1368; x_wconf 83' lang='lat' dir='ltr'>conferas</span> <span class='ocrx_word' id='word_1_78' title='bbox 569 1300 733 1382; x_wconf 85' lang='lat' dir='ltr'>Apollonii</span> <span class='ocrx_word' id='word_1_79' title='bbox 761 1299 935 1382; x_wconf 83' lang='lat' dir='ltr'>Sophistae</span> <span class='ocrx_word' id='word_1_80' title='bbox 964 1298 1297 1382; x_wconf 76' lang='lat' dir='ltr'>interpretamentum</span> <span class='ocrx_word' id='word_1_81' title='bbox 1328 1322 1426 1385; x_wconf 88' lang='lat' dir='ltr'>supra</span> 
     </span>
     <span class='ocr_line' id='line_1_12' title="bbox 224 1404 845 1489; baseline -0.005 -16"><span class='ocrx_word' id='word_1_82' title='bbox 224 1407 360 1473; x_wconf 75' lang='lat' dir='ltr'>allatum</span> <span class='ocrx_word' id='word_1_83' title='bbox 384 1405 441 1483; x_wconf 82' lang='grc' dir='ltr'>τὰς</span> <span class='ocrx_word' id='word_1_84' title='bbox 465 1406 582 1489; x_wconf 75' lang='grc' dir='ltr'>ἱερείας</span> <span class='ocrx_word' id='word_1_85' title='bbox 608 1404 845 1489; x_wconf 79' lang='grc' dir='ltr'><strong><em>προπολούσας.</em></strong></span> 
     </span>
    </p>

    <p class='ocr_par' dir='ltr' id='par_1_4' title="bbox 223 1508 1426 1800">
     <span class='ocr_line' id='line_1_13' title="bbox 311 1508 1426 1596; baseline 0.002 -22"><span class='ocrx_word' id='word_1_86' title='bbox 311 1510 593 1576; x_wconf 89' lang='lat' dir='ltr'>Ps.·Demosthen.</span> <span class='ocrx_word' id='word_1_87' title='bbox 606 1510 627 1575; x_wconf 89' lang='lat' dir='ltr'>l.</span> <span class='ocrx_word' id='word_1_88' title='bbox 643 1510 664 1576; x_wconf 92' lang='lat' dir='ltr'>l.</span> <span class='ocrx_word' id='word_1_89' title='bbox 682 1509 701 1596; x_wconf 68' lang='grc' dir='ltr'><strong>ξ</strong></span> <span class='ocrx_word' id='word_1_90' title='bbox 718 1512 778 1575; x_wconf 87' lang='grc'>103</span> <span class='ocrx_word' id='word_1_91' title='bbox 794 1508 916 1592; x_wconf 83' lang='lat' dir='ltr'>legitur</span> <span class='ocrx_word' id='word_1_92' title='bbox 932 1508 1027 1593; x_wconf 78' lang='grc' dir='ltr'><strong><em>ὅρκος</em></strong></span> <span class='ocrx_word' id='word_1_93' title='bbox 1042 1515 1200 1595; x_wconf 78' lang='grc' dir='ltr'><strong><em>γεραιρῶν</em></strong></span> <span class='ocrx_word' id='word_1_94' title='bbox 1216 1509 1274 1594; x_wconf 77' lang='grc' dir='ltr'>(τὰ</span> <span class='ocrx_word' id='word_1_95' title='bbox 1293 1513 1426 1578; x_wconf 62' lang='lat' dir='ltr'>&amp;aalma</span> 
     </span>
     <span class='ocr_line' id='line_1_14' title="bbox 223 1613 1426 1704; baseline 0.002 -24"><span class='ocrx_word' id='word_1_96' title='bbox 223 1616 279 1680; x_wconf 84' lang='grc' dir='ltr'>καί</span> <span class='ocrx_word' id='word_1_97' title='bbox 313 1613 351 1680; x_wconf 80' lang='grc' dir='ltr'>τοὶ</span> <span class='ocrx_word' id='word_1_98' title='bbox 382 1614 559 1699; x_wconf 76' lang='grc' dir='ltr'><strong><em>Ἰοβὰκχεια</em></strong></span> <span class='ocrx_word' id='word_1_99' title='bbox 593 1621 721 1700; x_wconf 80' lang='grc' dir='ltr'><strong><em>γεραρῶ</em></strong></span> <span class='ocrx_word' id='word_1_100' title='bbox 756 1620 800 1701; x_wconf 73' lang='grc' dir='ltr'>τῷ</span> <span class='ocrx_word' id='word_1_101' title='bbox 831 1614 979 1704; x_wconf 76' lang='grc' dir='ltr'><em>Διονύσῳ</em></span> <span class='ocrx_word' id='word_1_102' title='bbox 1009 1615 1050 1681; x_wconf 85' lang='lat' dir='ltr'>de</span> <span class='ocrx_word' id='word_1_103' title='bbox 1080 1634 1216 1697; x_wconf 83' lang='lat' dir='ltr'>quorum</span> <span class='ocrx_word' id='word_1_104' title='bbox 1251 1617 1426 1683; x_wconf 83' lang='lat' dir='ltr'>Verborum</span> 
     </span>
     <span class='ocr_line' id='line_1_15' title="bbox 224 1718 949 1800; baseline -0.001 -16"><span class='ocrx_word' id='word_1_105' title='bbox 224 1718 735 1785; x_wconf 88' lang='lat' dir='ltr'>const1·uctionev.Kalbelnr.</span> <span class='ocrx_word' id='word_1_106' title='bbox 760 1722 833 1799; x_wconf 82' lang='lat'>815,</span> <span class='ocrx_word' id='word_1_107' title='bbox 859 1721 877 1783; x_wconf 75' lang='lat'>2</span> <span class='ocrx_word' id='word_1_108' title='bbox 902 1737 949 1800; x_wconf 89' lang='lat' dir='ltr'>sq.</span> 
     </span>
    </p>

    <p class='ocr_par' dir='ltr' id='par_1_5' title="bbox 431 1837 1065 1910">
     <span class='ocr_line' id='line_1_16' title="bbox 431 1837 1065 1910; baseline 0.003 -18"><span class='ocrx_word' id='word_1_109' title='bbox 431 1837 560 1904; x_wconf 61' lang='grc' dir='ltr'><strong><em>σπονδὴν</em></strong></span> <span class='ocrx_word' id='word_1_110' title='bbox 579 1846 624 1891; x_wconf 83' lang='grc' dir='ltr'>καὶ</span> <span class='ocrx_word' id='word_1_111' title='bbox 646 1847 749 1905; x_wconf 64' lang='grc' dir='ltr'><strong><em>θυσίην</em></strong></span> <span class='ocrx_word' id='word_1_112' title='bbox 770 1842 832 1898; x_wconf 73' lang='grc' dir='ltr'><strong><em>δέ’ξο</em></strong></span> <span class='ocrx_word' id='word_1_113' title='bbox 852 1837 1065 1910; x_wconf 73' lang='grc' dir='ltr'><strong><em>ριλορρόσυνος</em></strong></span> 
     </span>
    </p>

    <p class='ocr_par' dir='ltr' id='par_1_6' title="bbox 224 1920 1427 2308">
     <span class='ocr_line' id='line_1_17' title="bbox 432 1920 1303 1998; baseline 0.003 -20"><span class='ocrx_word' id='word_1_114' title='bbox 432 1920 465 1990; x_wconf 66' lang='grc' dir='ltr'>ἢν</span> <span class='ocrx_word' id='word_1_115' title='bbox 485 1944 532 1978; x_wconf 93' lang='grc' dir='ltr'>σοι</span> <span class='ocrx_word' id='word_1_116' title='bbox 550 1928 689 1987; x_wconf 79' lang='grc' dir='ltr'><strong><em>Σαλούιος</em></strong></span> <span class='ocrx_word' id='word_1_117' title='bbox 709 1927 868 1996; x_wconf 75' lang='lat' dir='ltr'>[Salluvium]</span> <span class='ocrx_word' id='word_1_118' title='bbox 889 1929 993 1992; x_wconf 72' lang='grc' dir='ltr'><strong><em>Μονάς</em></strong></span> <span class='ocrx_word' id='word_1_119' title='bbox 1012 1930 1135 1996; x_wconf 78' lang='grc' dir='ltr'><strong><em>λοιβαῑσι</em></strong></span> <span class='ocrx_word' id='word_1_120' title='bbox 1155 1929 1303 1998; x_wconf 81' lang='grc' dir='ltr'><strong><em>γεραίρει).</em></strong></span> 
     </span>
     <span class='ocr_line' id='line_1_18' title="bbox 224 2031 1427 2118; baseline 0.004 -22"><span class='ocrx_word' id='word_1_121' title='bbox 224 2032 340 2097; x_wconf 83' lang='lat' dir='ltr'>Altera</span> <span class='ocrx_word' id='word_1_122' title='bbox 370 2032 514 2096; x_wconf 86' lang='lat' dir='ltr'>eiusdem</span> <span class='ocrx_word' id='word_1_123' title='bbox 544 2032 683 2098; x_wconf 88' lang='lat' dir='ltr'>nominis</span> <span class='ocrx_word' id='word_1_124' title='bbox 716 2032 821 2098; x_wconf 85' lang='lat' dir='ltr'>forma</span> <span class='ocrx_word' id='word_1_125' title='bbox 851 2037 923 2098; x_wconf 88' lang='lat' dir='ltr'>erat</span> <span class='ocrx_word' id='word_1_126' title='bbox 953 2032 1143 2118; x_wconf 70' lang='grc' dir='ltr'><strong><em>γεραιράδες</em></strong></span> <span class='ocrx_word' id='word_1_127' title='bbox 1178 2031 1232 2116; x_wconf 85' lang='lat' dir='ltr'>(ci.</span> <span class='ocrx_word' id='word_1_128' title='bbox 1260 2040 1365 2100; x_wconf 82' lang='grc' dir='ltr'><strong><em>Μαῖα</em></strong></span> <span class='ocrx_word' id='word_1_129' title='bbox 1396 2044 1427 2101; x_wconf 88' lang='lat' dir='ltr'>et</span> 
     </span>
     <span class='ocr_line' id='line_1_19' title="bbox 226 2135 1426 2222; baseline 0.004 -21"><span class='ocrx_word' id='word_1_130' title='bbox 226 2135 372 2222; x_wconf 79' lang='grc' dir='ltr'><strong><em>Μαιάς)ῖ</em></strong></span> <span class='ocrx_word' id='word_1_131' title='bbox 413 2136 516 2201; x_wconf 89' lang='lat' dir='ltr'>Bokk.</span> <span class='ocrx_word' id='word_1_132' title='bbox 552 2136 675 2202; x_wconf 87' lang='grc' dir='ltr'><strong>Α116611.</strong></span> <span class='ocrx_word' id='word_1_133' title='bbox 712 2139 789 2218; x_wconf 71' lang='lat'>228,</span> <span class='ocrx_word' id='word_1_134' title='bbox 822 2140 841 2202; x_wconf 81' lang='grc'><strong>9</strong></span> <span class='ocrx_word' id='word_1_135' title='bbox 876 2136 1083 2221; x_wconf 76' lang='grc' dir='ltr'><strong><em>γεραιροὶδας·</em></strong></span> <span class='ocrx_word' id='word_1_136' title='bbox 1119 2135 1175 2215; x_wconf 79' lang='grc' dir='ltr'>τὰς</span> <span class='ocrx_word' id='word_1_137' title='bbox 1212 2137 1337 2222; x_wconf 74' lang='grc' dir='ltr'><strong><em>ἱερείοις</em></strong></span> <span class='ocrx_word' id='word_1_138' title='bbox 1373 2147 1426 2206; x_wconf 82' lang='grc' dir='ltr'>τοῦ</span> 
     </span>
     <span class='ocr_line' id='line_1_20' title="bbox 225 2240 397 2308; baseline -0.017 0"><span class='ocrx_word' id='word_1_139' title='bbox 225 2240 397 2308; x_wconf 80' lang='grc' dir='ltr'><strong><em>Διονύσου.</em></strong></span> 
     </span>
    </p>

    <p class='ocr_par' dir='ltr' id='par_1_7' title="bbox 224 2343 1429 3681">
     <span class='ocr_line' id='line_1_21' title="bbox 311 2343 1426 2430; baseline 0.004 -21"><span class='ocrx_word' id='word_1_140' title='bbox 311 2343 396 2409; x_wconf 89' lang='lat' dir='ltr'>Hinc</span> <span class='ocrx_word' id='word_1_141' title='bbox 419 2343 585 2424; x_wconf 87' lang='lat' dir='ltr'>profectus</span> <span class='ocrx_word' id='word_1_142' title='bbox 608 2343 734 2412; x_wconf 85' lang='lat' dir='ltr'>variam</span> <span class='ocrx_word' id='word_1_143' title='bbox 757 2345 929 2412; x_wconf 89' lang='lat' dir='ltr'>lectionem</span> <span class='ocrx_word' id='word_1_144' title='bbox 959 2347 1113 2430; x_wconf 73' lang='grc' dir='ltr'><strong><em>γεραίρας</em></strong></span> <span class='ocrx_word' id='word_1_145' title='bbox 1135 2346 1224 2427; x_wconf 86' lang='lat' dir='ltr'>apud</span> <span class='ocrx_word' id='word_1_146' title='bbox 1247 2347 1426 2414; x_wconf 80' lang='lat' dir='ltr'><strong>Homerum</strong></span> 
     </span>
     <span class='ocr_line' id='line_1_22' title="bbox 224 2447 1427 2531; baseline 0.003 -17"><span class='ocrx_word' id='word_1_147' title='bbox 224 2448 441 2514; x_wconf 74' lang='lat' dir='ltr'>reducendam</span> <span class='ocrx_word' id='word_1_148' title='bbox 470 2465 542 2511; x_wconf 85' lang='lat' dir='ltr'>esse</span> <span class='ocrx_word' id='word_1_149' title='bbox 577 2447 762 2528; x_wconf 88' lang='lat' dir='ltr'>suspicatus</span> <span class='ocrx_word' id='word_1_150' title='bbox 793 2468 881 2531; x_wconf 87' lang='lat' dir='ltr'>sum;</span> <span class='ocrx_word' id='word_1_151' title='bbox 917 2468 979 2530; x_wconf 92' lang='lat' dir='ltr'>quo</span> <span class='ocrx_word' id='word_1_152' title='bbox 1010 2455 1121 2515; x_wconf 88' lang='lat' dir='ltr'>tamen</span> <span class='ocrx_word' id='word_1_153' title='bbox 1155 2451 1317 2517; x_wconf 89' lang='lat' dir='ltr'>vocabulo</span> <span class='ocrx_word' id='word_1_154' title='bbox 1348 2452 1427 2518; x_wconf 89' lang='lat' dir='ltr'>libro</span> 
     </span>
     <span class='ocr_line' id='line_1_23' title="bbox 225 2551 1426 2634; baseline 0.004 -16"><span class='ocrx_word' id='word_1_155' title='bbox 225 2560 256 2618; x_wconf 89' lang='grc' dir='ltr'>Ζ</span> <span class='ocrx_word' id='word_1_156' title='bbox 285 2572 350 2618; x_wconf 91' lang='lat' dir='ltr'>uon</span> <span class='ocrx_word' id='word_1_157' title='bbox 386 2557 453 2616; x_wconf 84' lang='lat' dir='ltr'>tam</span> <span class='ocrx_word' id='word_1_158' title='bbox 488 2555 597 2616; x_wconf 87' lang='lat' dir='ltr'>certus</span> <span class='ocrx_word' id='word_1_159' title='bbox 632 2551 802 2617; x_wconf 86' lang='lat' dir='ltr'>mulierum</span> <span class='ocrx_word' id='word_1_160' title='bbox 833 2551 1052 2618; x_wconf 86' lang='lat' dir='ltr'>sacerdotium</span> <span class='ocrx_word' id='word_1_161' title='bbox 1086 2553 1141 2620; x_wconf 85' lang='lat' dir='ltr'>vel</span> <span class='ocrx_word' id='word_1_162' title='bbox 1175 2552 1285 2634; x_wconf 88' lang='lat' dir='ltr'>aliquo</span> <span class='ocrx_word' id='word_1_163' title='bbox 1322 2575 1426 2623; x_wconf 89' lang='lat' dir='ltr'>sacer·</span> 
     </span>
     <span class='ocr_line' id='line_1_24' title="bbox 225 2655 1427 2745; baseline 0.003 -23"><span class='ocrx_word' id='word_1_164' title='bbox 225 2656 305 2722; x_wconf 91' lang='lat' dir='ltr'>dotii</span> <span class='ocrx_word' id='word_1_165' title='bbox 338 2673 471 2720; x_wconf 88' lang='lat' dir='ltr'>munere</span> <span class='ocrx_word' id='word_1_166' title='bbox 509 2655 713 2737; x_wconf 85' lang='lat' dir='ltr'>fungentium</span> <span class='ocrx_word' id='word_1_167' title='bbox 748 2675 902 2722; x_wconf 92' lang='lat' dir='ltr'>numerus</span> <span class='ocrx_word' id='word_1_168' title='bbox 936 2657 988 2744; x_wconf 86' lang='lat' dir='ltr'>(ut</span> <span class='ocrx_word' id='word_1_169' title='bbox 1021 2657 1174 2745; x_wconf 83' lang='lat' dir='ltr'>Athenis)</span> <span class='ocrx_word' id='word_1_170' title='bbox 1213 2658 1427 2742; x_wconf 85' lang='lat' dir='ltr'>significatur,</span> 
     </span>
     <span class='ocr_line' id='line_1_25' title="bbox 225 2760 1428 2848; baseline 0.004 -22"><span class='ocrx_word' id='word_1_171' title='bbox 225 2761 283 2826; x_wconf 88' lang='lat' dir='ltr'>sed</span> <span class='ocrx_word' id='word_1_172' title='bbox 314 2760 634 2840; x_wconf 88' lang='lat' dir='ltr'>comprehenduntur</span> <span class='ocrx_word' id='word_1_173' title='bbox 661 2760 835 2827; x_wconf 87' lang='lat' dir='ltr'>universae</span> <span class='ocrx_word' id='word_1_174' title='bbox 866 2768 989 2828; x_wconf 86' lang='lat' dir='ltr'>matres</span> <span class='ocrx_word' id='word_1_175' title='bbox 1020 2762 1066 2848; x_wconf 85' lang='lat' dir='ltr'>(Z</span> <span class='ocrx_word' id='word_1_176' title='bbox 1097 2763 1174 2848; x_wconf 78' lang='lat'>276)</span> <span class='ocrx_word' id='word_1_177' title='bbox 1206 2782 1231 2829; x_wconf 86' lang='lat' dir='ltr'>s.</span> <span class='ocrx_word' id='word_1_178' title='bbox 1257 2773 1428 2833; x_wconf 87' lang='lat' dir='ltr'>matronae</span> 
     </span>
     <span class='ocr_line' id='line_1_26' title="bbox 225 2864 1428 2950; baseline 0.004 -20"><span class='ocrx_word' id='word_1_179' title='bbox 225 2883 309 2946; x_wconf 91' lang='lat' dir='ltr'>quae</span> <span class='ocrx_word' id='word_1_180' title='bbox 326 2864 408 2930; x_wconf 88' lang='lat' dir='ltr'>deae</span> <span class='ocrx_word' id='word_1_181' title='bbox 431 2864 587 2946; x_wconf 89' lang='lat' dir='ltr'>templum</span> <span class='ocrx_word' id='word_1_182' title='bbox 603 2865 750 2932; x_wconf 84' lang='lat' dir='ltr'>sollemni</span> <span class='ocrx_word' id='word_1_183' title='bbox 766 2886 886 2949; x_wconf 90' lang='lat' dir='ltr'>pompa</span> <span class='ocrx_word' id='word_1_184' title='bbox 902 2868 1022 2932; x_wconf 76' lang='grc' dir='ltr'><strong><em>πέπλον</em></strong></span> <span class='ocrx_word' id='word_1_185' title='bbox 1037 2867 1162 2933; x_wconf 89' lang='lat' dir='ltr'>adeunt</span> <span class='ocrx_word' id='word_1_186' title='bbox 1179 2874 1428 2950; x_wconf 86' lang='lat' dir='ltr'>apportaturae.</span> 
     </span>
     <span class='ocr_line' id='line_1_27' title="bbox 224 2968 1429 3058; baseline 0.007 -25"><span class='ocrx_word' id='word_1_187' title='bbox 224 2968 306 3034; x_wconf 81' lang='lat' dir='ltr'>Rem</span> <span class='ocrx_word' id='word_1_188' title='bbox 337 2968 465 3034; x_wconf 76' lang='grc'><strong>1101111611</strong></span> <span class='ocrx_word' id='word_1_189' title='bbox 496 2969 600 3034; x_wconf 84' lang='lat' dir='ltr'>Bekk.</span> <span class='ocrx_word' id='word_1_190' title='bbox 631 2970 693 3035; x_wconf 86' lang='lat' dir='ltr'>Au.</span> <span class='ocrx_word' id='word_1_191' title='bbox 727 2973 800 3051; x_wconf 76' lang='lat'>231,</span> <span class='ocrx_word' id='word_1_192' title='bbox 832 2974 875 3036; x_wconf 86' lang='lat'>30</span> <span class='ocrx_word' id='word_1_193' title='bbox 905 2971 1091 3056; x_wconf 77' lang='grc' dir='ltr'><strong><em>γεραράὸες·</em></strong></span> <span class='ocrx_word' id='word_1_194' title='bbox 1122 2971 1155 3036; x_wconf 85' lang='grc' dir='ltr'>αἱ</span> <span class='ocrx_word' id='word_1_195' title='bbox 1192 2978 1255 3038; x_wconf 81' lang='grc' dir='ltr'>τῶν</span> <span class='ocrx_word' id='word_1_196' title='bbox 1287 2973 1429 3058; x_wconf 75' lang='grc' dir='ltr'><strong><em>ἀρίστων</em></strong></span> 
     </span>
     <span class='ocr_line' id='line_1_28' title="bbox 226 3071 1428 3165; baseline 0.005 -27"><span class='ocrx_word' id='word_1_197' title='bbox 226 3071 351 3153; x_wconf 69' lang='grc' dir='ltr'><strong><em>ἀνδρῶν</em></strong></span> <span class='ocrx_word' id='word_1_198' title='bbox 381 3083 526 3157; x_wconf 76' lang='grc' dir='ltr'><strong><em>γυναῖκες</em></strong></span> <span class='ocrx_word' id='word_1_199' title='bbox 557 3074 612 3137; x_wconf 75' lang='grc' dir='ltr'>καί</span> <span class='ocrx_word' id='word_1_200' title='bbox 643 3072 721 3158; x_wconf 85' lang='lat' dir='ltr'>(del.</span> <span class='ocrx_word' id='word_1_201' title='bbox 750 3074 820 3159; x_wconf 80' lang='grc' dir='ltr'>καί)</span> <span class='ocrx_word' id='word_1_202' title='bbox 857 3076 890 3139; x_wconf 82' lang='grc' dir='ltr'>αὶ</span> <span class='ocrx_word' id='word_1_203' title='bbox 922 3075 958 3141; x_wconf 84' lang='grc' dir='ltr'>τὸ</span> <span class='ocrx_word' id='word_1_204' title='bbox 991 3082 1046 3162; x_wconf 81' lang='grc' dir='ltr'>τῆς</span> <span class='ocrx_word' id='word_1_205' title='bbox 1079 3074 1222 3162; x_wconf 78' lang='grc' dir='ltr'><strong><em>Ἀθηνᾶς</em></strong></span> <span class='ocrx_word' id='word_1_206' title='bbox 1254 3080 1289 3143; x_wconf 78' lang='grc' dir='ltr'>ἐν</span> <span class='ocrx_word' id='word_1_207' title='bbox 1315 3078 1428 3165; x_wconf 69' lang='grc' dir='ltr'><strong><em>Ἀργει</em></strong></span> 
     </span>
     <span class='ocr_line' id='line_1_29' title="bbox 226 3175 1429 3269; baseline 0.008 -27"><span class='ocrx_word' id='word_1_208' title='bbox 226 3176 355 3262; x_wconf 76' lang='grc' dir='ltr'><strong><em>ἄγαλμα</em></strong></span> <span class='ocrx_word' id='word_1_209' title='bbox 380 3175 559 3256; x_wconf 77' lang='grc' dir='ltr'><strong><em>ε’νὸύσυσαι,</em></strong></span> <span class='ocrx_word' id='word_1_210' title='bbox 585 3176 639 3243; x_wconf 85' lang='lat' dir='ltr'>ubi</span> <span class='ocrx_word' id='word_1_211' title='bbox 661 3177 835 3259; x_wconf 77' lang='lat' dir='ltr'>legendum</span> <span class='ocrx_word' id='word_1_212' title='bbox 853 3199 925 3247; x_wconf 79' lang='lat' dir='ltr'>esse</span> <span class='ocrx_word' id='word_1_213' title='bbox 948 3180 1137 3267; x_wconf 80' lang='grc' dir='ltr'><strong><em>γεραιράδες</em></strong></span> <span class='ocrx_word' id='word_1_214' title='bbox 1158 3180 1254 3247; x_wconf 80' lang='lat' dir='ltr'>docet</span> <span class='ocrx_word' id='word_1_215' title='bbox 1270 3183 1429 3269; x_wconf 80' lang='lat' dir='ltr'>Hesychii</span> 
     </span>
     <span class='ocr_line' id='line_1_30' title="bbox 224 3280 1426 3365; baseline 0.008 -19"><span class='ocrx_word' id='word_1_216' title='bbox 224 3281 336 3364; x_wconf 81' lang='lat' dir='ltr'>glossa</span> <span class='ocrx_word' id='word_1_217' title='bbox 359 3284 514 3362; x_wconf 88' lang='lat' dir='ltr'>corrupta</span> <span class='ocrx_word' id='word_1_218' title='bbox 537 3286 572 3346; x_wconf 89' lang='lat' dir='ltr'>et</span> <span class='ocrx_word' id='word_1_219' title='bbox 593 3280 760 3365; x_wconf 88' lang='lat' dir='ltr'>mutilata,</span> <span class='ocrx_word' id='word_1_220' title='bbox 792 3284 862 3350; x_wconf 87' lang='lat' dir='ltr'>sine</span> <span class='ocrx_word' id='word_1_221' title='bbox 893 3283 990 3350; x_wconf 92' lang='lat' dir='ltr'>dubio</span> <span class='ocrx_word' id='word_1_222' title='bbox 1014 3304 1056 3351; x_wconf 84' lang='lat' dir='ltr'>ex</span> <span class='ocrx_word' id='word_1_223' title='bbox 1079 3285 1193 3350; x_wconf 90' lang='lat' dir='ltr'>eodem</span> <span class='ocrx_word' id='word_1_224' title='bbox 1222 3284 1317 3352; x_wconf 85' lang='lat' dir='ltr'>fonte</span> <span class='ocrx_word' id='word_1_225' title='bbox 1347 3289 1426 3355; x_wconf 89' lang='lat' dir='ltr'>deri·</span> 
     </span>
     <span class='ocr_line' id='line_1_31' title="bbox 225 3385 1429 3476; baseline 0.001 -24"><span class='ocrx_word' id='word_1_226' title='bbox 225 3390 306 3453; x_wconf 76' lang='lat' dir='ltr'>vata</span> <span class='ocrx_word' id='word_1_227' title='bbox 338 3386 528 3471; x_wconf 75' lang='grc' dir='ltr'><strong><em>γερθιὸάρες</em></strong></span> <span class='ocrx_word' id='word_1_228' title='bbox 563 3385 586 3469; x_wconf 90' lang='grc'>(</span> <span class='ocrx_word' id='word_1_229' title='bbox 619 3386 651 3451; x_wconf 73' lang='grc' dir='ltr'>αἱ</span> <span class='ocrx_word' id='word_1_230' title='bbox 685 3392 747 3452; x_wconf 80' lang='grc' dir='ltr'>τῶν</span> <span class='ocrx_word' id='word_1_231' title='bbox 778 3386 920 3471; x_wconf 77' lang='grc' dir='ltr'><strong><em>ἀρίστων</em></strong></span> <span class='ocrx_word' id='word_1_232' title='bbox 954 3385 1078 3470; x_wconf 77' lang='grc' dir='ltr'><strong><em>ἀνδρῶν</em></strong></span> <span class='ocrx_word' id='word_1_233' title='bbox 1112 3399 1259 3473; x_wconf 74' lang='grc' dir='ltr'><strong><em>γυναῖκες</em></strong></span> <span class='ocrx_word' id='word_1_234' title='bbox 1291 3441 1298 3455; x_wconf 92' lang='grc'><strong>.</strong></span> <span class='ocrx_word' id='word_1_235' title='bbox 1333 3442 1341 3457; x_wconf 90' lang='grc'>.</span> <span class='ocrx_word' id='word_1_236' title='bbox 1372 3444 1378 3458; x_wconf 94' lang='grc'>.</span> <span class='ocrx_word' id='word_1_237' title='bbox 1407 3393 1429 3476; x_wconf 70' lang='grc'>,1</span> 
     </span>
     <span class='ocr_line' id='line_1_32' title="bbox 224 3489 1428 3578; baseline 0.005 -23"><span class='ocrx_word' id='word_1_238' title='bbox 224 3489 316 3556; x_wconf 91' lang='lat' dir='ltr'>cuius</span> <span class='ocrx_word' id='word_1_239' title='bbox 346 3490 379 3555; x_wconf 90' lang='lat' dir='ltr'>in</span> <span class='ocrx_word' id='word_1_240' title='bbox 413 3491 518 3556; x_wconf 92' lang='lat' dir='ltr'>locum</span> <span class='ocrx_word' id='word_1_241' title='bbox 550 3491 628 3556; x_wconf 91' lang='lat' dir='ltr'>ordo</span> <span class='ocrx_word' id='word_1_242' title='bbox 662 3490 848 3557; x_wconf 88' lang='lat' dir='ltr'>litterarum</span> <span class='ocrx_word' id='word_1_243' title='bbox 882 3491 996 3574; x_wconf 90' lang='lat' dir='ltr'>reponi</span> <span class='ocrx_word' id='word_1_244' title='bbox 1025 3491 1117 3556; x_wconf 89' lang='lat' dir='ltr'>iubet</span> <span class='ocrx_word' id='word_1_245' title='bbox 1150 3492 1330 3578; x_wconf 73' lang='grc' dir='ltr'><strong><em>γερηράδες</em></strong></span> <span class='ocrx_word' id='word_1_246' title='bbox 1358 3495 1379 3561; x_wconf 91' lang='lat' dir='ltr'>i.</span> <span class='ocrx_word' id='word_1_247' title='bbox 1403 3515 1428 3561; x_wconf 89' lang='lat' dir='ltr'>e.</span> 
     </span>
     <span class='ocr_line' id='line_1_33' title="bbox 224 3595 1345 3681; baseline 0.002 -20"><span class='ocrx_word' id='word_1_248' title='bbox 224 3596 413 3681; x_wconf 76' lang='grc' dir='ltr'><strong><em>γεραιράδες</em></strong></span> <span class='ocrx_word' id='word_1_249' title='bbox 436 3616 542 3678; x_wconf 84' lang='lat' dir='ltr'>prave</span> <span class='ocrx_word' id='word_1_250' title='bbox 565 3596 800 3662; x_wconf 83' lang='lat' dir='ltr'>Graeculorum</span> <span class='ocrx_word' id='word_1_251' title='bbox 824 3595 1089 3677; x_wconf 86' lang='lat' dir='ltr'>pronuntiatione</span> <span class='ocrx_word' id='word_1_252' title='bbox 1112 3596 1345 3665; x_wconf 84' lang='lat' dir='ltr'>deformatum.</span> 
     </span>
    </p>

    <p class='ocr_par' dir='ltr' id='par_1_8' title="bbox 223 3698 1430 4518">
     <span class='ocr_line' id='line_1_34' title="bbox 312 3698 1428 3785; baseline 0.004 -18"><span class='ocrx_word' id='word_1_253' title='bbox 312 3700 447 3767; x_wconf 90' lang='lat' dir='ltr'>Homeri</span> <span class='ocrx_word' id='word_1_254' title='bbox 477 3701 624 3785; x_wconf 75' lang='grc' dir='ltr'><strong><em>γέραιραι</em></strong></span> <span class='ocrx_word' id='word_1_255' title='bbox 657 3720 794 3781; x_wconf 90' lang='lat' dir='ltr'>quarum</span> <span class='ocrx_word' id='word_1_256' title='bbox 824 3700 858 3765; x_wconf 90' lang='lat' dir='ltr'>in</span> <span class='ocrx_word' id='word_1_257' title='bbox 889 3704 1025 3765; x_wconf 86' lang='lat' dir='ltr'>caterva</span> <span class='ocrx_word' id='word_1_258' title='bbox 1053 3698 1152 3764; x_wconf 90' lang='lat' dir='ltr'>etiam</span> <span class='ocrx_word' id='word_1_259' title='bbox 1175 3700 1428 3770; x_wconf 82' lang='lat' dir='ltr'>Andromachen</span> 
     </span>
     <span class='ocr_line' id='line_1_35' title="bbox 227 3803 1429 3890; baseline 0.002 -18"><span class='ocrx_word' id='word_1_260' title='bbox 227 3844 265 3853; x_wconf 83' lang='lat'>—</span> <span class='ocrx_word' id='word_1_261' title='bbox 291 3811 353 3872; x_wconf 84' lang='grc' dir='ltr'>τῶν</span> <span class='ocrx_word' id='word_1_262' title='bbox 374 3804 514 3887; x_wconf 75' lang='grc' dir='ltr'><strong><em>ἀρίστων</em></strong></span> <span class='ocrx_word' id='word_1_263' title='bbox 538 3803 662 3887; x_wconf 70' lang='grc' dir='ltr'><strong><em>ἀνδρῶν</em></strong></span> <span class='ocrx_word' id='word_1_264' title='bbox 678 3811 832 3890; x_wconf 78' lang='grc' dir='ltr'><strong><em>γυναικῶν</em></strong></span> <span class='ocrx_word' id='word_1_265' title='bbox 857 3832 927 3870; x_wconf 80' lang='grc' dir='ltr'><strong><em>τινα</em></strong></span> <span class='ocrx_word' id='word_1_266' title='bbox 952 3842 992 3850; x_wconf 84' lang='lat'>-</span> <span class='ocrx_word' id='word_1_267' title='bbox 1017 3822 1090 3870; x_wconf 82' lang='lat' dir='ltr'>esse</span> <span class='ocrx_word' id='word_1_268' title='bbox 1112 3804 1251 3871; x_wconf 75' lang='lat' dir='ltr'>maritus</span> <span class='ocrx_word' id='word_1_269' title='bbox 1275 3806 1429 3875; x_wconf 71' lang='lat' dir='ltr'>dubitans</span> 
     </span>
     <span class='ocr_line' id='line_1_36' title="bbox 225 3908 1430 3994; baseline 0.002 -16"><span class='ocrx_word' id='word_1_270' title='bbox 225 3911 412 3994; x_wconf 88' lang='lat' dir='ltr'>suspicatur</span> <span class='ocrx_word' id='word_1_271' title='bbox 435 3911 555 3975; x_wconf 76' lang='grc' dir='ltr'><strong><em>πέπλον</em></strong></span> <span class='ocrx_word' id='word_1_272' title='bbox 577 3910 725 3976; x_wconf 91' lang='lat' dir='ltr'>sollemni</span> <span class='ocrx_word' id='word_1_273' title='bbox 747 3929 866 3992; x_wconf 86' lang='lat' dir='ltr'>pompa</span> <span class='ocrx_word' id='word_1_274' title='bbox 888 3912 1067 3991; x_wconf 82' lang='lat' dir='ltr'>apportant</span> <span class='ocrx_word' id='word_1_275' title='bbox 1081 3908 1211 3974; x_wconf 89' lang='lat' dir='ltr'>Palladi</span> <span class='ocrx_word' id='word_1_276' title='bbox 1234 3915 1271 3975; x_wconf 89' lang='lat' dir='ltr'>et</span> <span class='ocrx_word' id='word_1_277' title='bbox 1293 3914 1430 3980; x_wconf 86' lang='lat' dir='ltr'>tradunt</span> 
     </span>
     <span class='ocr_line' id='line_1_37' title="bbox 224 4012 1427 4103; baseline 0.001 -20"><span class='ocrx_word' id='word_1_278' title='bbox 224 4015 388 4083; x_wconf 77' lang='grc'><strong>6666111011</strong></span> <span class='ocrx_word' id='word_1_279' title='bbox 419 4016 473 4080; x_wconf 68' lang='grc' dir='ltr'>ἐπὶ</span> <span class='ocrx_word' id='word_1_280' title='bbox 502 4013 654 4099; x_wconf 77' lang='grc' dir='ltr'><strong><em>γούνασιν</em></strong></span> <span class='ocrx_word' id='word_1_281' title='bbox 678 4013 857 4101; x_wconf 70' lang='grc' dir='ltr'><strong><em>Ἀθηναίης</em></strong></span> <span class='ocrx_word' id='word_1_282' title='bbox 887 4014 907 4079; x_wconf 89' lang='grc'>1.</span> <span class='ocrx_word' id='word_1_283' title='bbox 933 4033 960 4079; x_wconf 92' lang='grc'>6.</span> <span class='ocrx_word' id='word_1_284' title='bbox 986 4018 1044 4079; x_wconf 78' lang='grc' dir='ltr'>τοῦ</span> <span class='ocrx_word' id='word_1_285' title='bbox 1074 4018 1132 4099; x_wconf 82' lang='grc' dir='ltr'>τῆς</span> <span class='ocrx_word' id='word_1_286' title='bbox 1156 4012 1301 4100; x_wconf 68' lang='grc' dir='ltr'><strong><em>Ἀθηνᾶς</em></strong></span> <span class='ocrx_word' id='word_1_287' title='bbox 1331 4018 1427 4103; x_wconf 75' lang='grc' dir='ltr'><strong><em>α’γοὶλ-</em></strong></span> 
     </span>
     <span class='ocr_line' id='line_1_38' title="bbox 223 4119 1430 4205; baseline 0.001 -18"><span class='ocrx_word' id='word_1_288' title='bbox 223 4148 328 4204; x_wconf 84' lang='grc' dir='ltr'><strong><em>ματος</em></strong></span> <span class='ocrx_word' id='word_1_289' title='bbox 351 4119 583 4200; x_wconf 87' lang='lat' dir='ltr'>collocandum,</span> <span class='ocrx_word' id='word_1_290' title='bbox 609 4120 756 4204; x_wconf 79' lang='lat' dir='ltr'>Argivae</span> <span class='ocrx_word' id='word_1_291' title='bbox 772 4119 963 4205; x_wconf 76' lang='grc' dir='ltr'><strong><em>γεραιρὰδες</em></strong></span> <span class='ocrx_word' id='word_1_292' title='bbox 979 4157 1019 4166; x_wconf 92' lang='grc'><strong>-</strong></span> <span class='ocrx_word' id='word_1_293' title='bbox 1036 4124 1070 4185; x_wconf 86' lang='grc'>61</span> <span class='ocrx_word' id='word_1_294' title='bbox 1092 4119 1185 4200; x_wconf 78' lang='lat' dir='ltr'>ipsae</span> <span class='ocrx_word' id='word_1_295' title='bbox 1209 4125 1274 4185; x_wconf 83' lang='grc' dir='ltr'>τῶν</span> <span class='ocrx_word' id='word_1_296' title='bbox 1290 4121 1430 4204; x_wconf 83' lang='grc' dir='ltr'><strong><em>οἷρίστοιν</em></strong></span> 
     </span>
     <span class='ocr_line' id='line_1_39' title="bbox 226 4222 1427 4311; baseline 0.004 -21"><span class='ocrx_word' id='word_1_297' title='bbox 226 4225 349 4309; x_wconf 72' lang='grc' dir='ltr'><strong><em>ἀνδρῶν</em></strong></span> <span class='ocrx_word' id='word_1_298' title='bbox 380 4237 525 4309; x_wconf 79' lang='grc' dir='ltr'><strong><em>γυναῖκες</em></strong></span> <span class='ocrx_word' id='word_1_299' title='bbox 557 4263 597 4270; x_wconf 87' lang='lat'>-</span> <span class='ocrx_word' id='word_1_300' title='bbox 632 4224 667 4291; x_wconf 82' lang='grc' dir='ltr'>τὸ</span> <span class='ocrx_word' id='word_1_301' title='bbox 702 4231 757 4311; x_wconf 78' lang='grc' dir='ltr'>τῆς</span> <span class='ocrx_word' id='word_1_302' title='bbox 787 4224 930 4311; x_wconf 76' lang='grc' dir='ltr'><strong><em>Ἀθηνᾶς</em></strong></span> <span class='ocrx_word' id='word_1_303' title='bbox 962 4222 1090 4310; x_wconf 74' lang='grc' dir='ltr'><strong><em>ἄγαλμα</em></strong></span> <span class='ocrx_word' id='word_1_304' title='bbox 1122 4224 1300 4292; x_wconf 79' lang='grc' dir='ltr'><strong><em>ἐνδύουσιν.</em></strong></span> <span class='ocrx_word' id='word_1_305' title='bbox 1350 4229 1427 4295; x_wconf 84' lang='lat' dir='ltr'>Con·</span> 
     </span>
     <span class='ocr_line' id='line_1_40' title="bbox 225 4329 1429 4416; baseline 0.002 -20"><span class='ocrx_word' id='word_1_306' title='bbox 225 4348 340 4396; x_wconf 84' lang='lat' dir='ltr'>sensus</span> <span class='ocrx_word' id='word_1_307' title='bbox 364 4330 397 4395; x_wconf 94' lang='lat' dir='ltr'>iu</span> <span class='ocrx_word' id='word_1_308' title='bbox 432 4335 612 4412; x_wconf 89' lang='lat' dir='ltr'>temporum</span> <span class='ocrx_word' id='word_1_309' title='bbox 648 4335 682 4396; x_wconf 89' lang='lat' dir='ltr'>et</span> <span class='ocrx_word' id='word_1_310' title='bbox 714 4331 857 4395; x_wconf 91' lang='lat' dir='ltr'>locorum</span> <span class='ocrx_word' id='word_1_311' title='bbox 888 4329 1081 4398; x_wconf 86' lang='lat' dir='ltr'>‹liversitate</span> <span class='ocrx_word' id='word_1_312' title='bbox 1115 4348 1188 4395; x_wconf 88' lang='lat' dir='ltr'>esse</span> <span class='ocrx_word' id='word_1_313' title='bbox 1222 4351 1290 4398; x_wconf 91' lang='lat' dir='ltr'>uon</span> <span class='ocrx_word' id='word_1_314' title='bbox 1322 4342 1429 4416; x_wconf 88' lang='lat' dir='ltr'>potest</span> 
     </span>
     <span class='ocr_line' id='line_1_41' title="bbox 225 4434 1428 4518; baseline 0.005 -18"><span class='ocrx_word' id='word_1_315' title='bbox 225 4434 409 4500; x_wconf 88' lang='lat' dir='ltr'>accuratior</span> <span class='ocrx_word' id='word_1_316' title='bbox 429 4440 463 4499; x_wconf 90' lang='lat' dir='ltr'>et</span> <span class='ocrx_word' id='word_1_317' title='bbox 486 4440 667 4517; x_wconf 88' lang='lat' dir='ltr'>opportune</span> <span class='ocrx_word' id='word_1_318' title='bbox 683 4435 859 4500; x_wconf 88' lang='lat' dir='ltr'>admoneor</span> <span class='ocrx_word' id='word_1_319' title='bbox 883 4435 981 4500; x_wconf 88' lang='lat' dir='ltr'>etiam</span> <span class='ocrx_word' id='word_1_320' title='bbox 997 4434 1096 4518; x_wconf 82' lang='lat' dir='ltr'>Argis</span> <span class='ocrx_word' id='word_1_321' title='bbox 1113 4435 1307 4503; x_wconf 76' lang='grc' dir='ltr'><strong><em>Παλλάδιον</em></strong></span> <span class='ocrx_word' id='word_1_322' title='bbox 1329 4439 1428 4506; x_wconf 87' lang='lat' dir='ltr'>fuisso</span> 
     </span>
    </p>
   </div>
   <div class='ocr_carea' id='block_1_3' title="bbox 0 0 1490 5018">
    <p class='ocr_par' dir='ltr' id='par_1_9' title="bbox 0 0 1490 5018">
     <span class='ocr_line' id='line_1_42' title="bbox 0 0 1490 5018; baseline 0 0"><span class='ocrx_word' id='word_1_323' title='bbox 0 0 1490 5018; x_wconf 95' lang='lat' dir='ltr'> </span> 
     </span>
    </p>
   </div>
  </div>
 </body>
</html>
