2956 5040
684 224 921 289 „204-

288 415 406 483 Kaibel
429 414 532 497 epigr.
555 433 604 480 nr.
628 415 702 496 534,
726 416 747 479 4
772 412 881 496 οὔνομ’
905 415 993 494 dileto
1015 417 1099 501 μέγα

476 515 480 522 ⁸
629 520 703 601 229,
727 521 748 585 3
773 517 905 601 οὕνομα,
930 519 985 605 ἔτη
1007 518 1028 585 i.
1053 539 1081 586 e.
1107 518 1219 603 οὔνομ’
1244 523 1316 608 ἔτη.

629 626 703 707 704,
727 627 748 690 4
773 623 884 708 οὔνομ’
909 626 1080 704 Ἰουλιανός

609 735 703 815 1000,
727 736 748 800 3
774 730 887 816 οὔνομ’
910 733 992 816 ἔχων

288 839 402 906 Collitz
425 858 474 905 nr.
499 840 597 907 8058.
620 842 639 905 2
665 838 774 921 οὔνομ’
799 839 862 923 ἔχω

288 943 386 1010 ΒΟΗ.
410 942 497 1008 XIII
520 944 584 1009 314
607 961 656 1008 nr.
681 944 733 1024 21,
758 943 777 1007 2
802 940 910 1023 οὔνομ’
934 939 1146 1026 Ἀλέξανδρος

681 1049 732 1129 21,
756 1049 777 1112 3
802 1045 910 1129 οὔνομ’
933 1045 1189 1129 Ὀλυμπιόδωρος

288 1153 451 1237 Lycophr.
475 1152 569 1218 Alex.
594 1154 658 1218 339
683 1150 793 1234 οὔνομ’
818 1150 971 1245 ᾀᾳτώσας
994 1149 1099 1236 (ὄνομ’
1122 1152 1193 1217 cod.
1218 1151 1264 1238 D)

592 1259 658 1324 370
682 1254 791 1340 οὔνομ’
817 1256 942 1342 οἰκτρόν

288 1361 486 1428 Parthenius
503 1360 698 1446 (Hephaesi.
715 1384 746 1446 p.
764 1368 783 1430 9
800 1362 919 1448 Gaisf.)
938 1359 1047 1444 οὔνομ’
1064 1361 1170 1427 ἔσσετ’
1188 1360 1398 1446 Ἀρχελαίδος

288 1466 423 1533 Luciam
448 1467 683 1549 tragoedopod.
711 1471 726 1533 1
754 1467 873 1550 οὔνομ’,
897 1459 923 1533 ὦ
946 1473 1034 1542 θεοῖς
1165 1542 1166 1545 ¹

289 1570 406 1637 Kaibel
430 1570 532 1653 epigr.
556 1590 605 1636 nr.
632 1573 703 1653 185,
727 1575 748 1637 4
774 1571 882 1654 οὔνομ’
906 1571 1046 1659 ἄφθιτον

127 1756 128 1759 ¹
630 1678 703 1759 258,
728 1680 746 1742 l
774 1676 883 1760 οὔνομ’
908 1675 1072 1763 dyocesis?
1096 1682 1129 1744 ἐκ
1151 1678 1305 1765 βρέφους.

203 1781 327 1866 Quibus
366 1778 446 1845 locis
487 1779 627 1846 confisus
668 1780 867 1847 vetustiores
905 1787 1021 1864 poetas
1061 1802 1082 1848 a
1116 1801 1254 1864 quorum
1297 1782 1399 1852 vastis

200 1884 396 1952 carminibus
428 1882 537 1966 οὔνομ’
569 1883 703 1951 elisione
735 1885 894 1952 minutum
921 1906 1055 1969 prorsus
1078 1890 1173 1953 abest
1200 1887 1345 1955 scientes
1368 1892 1401 1954 et

200 1990 364 2071 volantes,
396 1994 486 2055 certo
516 1989 649 2055 consilio
672 2009 737 2056 nou
768 2010 865 2057 caeco
889 2010 968 2058 casu
996 1992 1110 2058 ductos
1134 2012 1154 2058 a
1177 1997 1273 2059 curta
1296 1991 1399 2058 forma

200 2094 385 2160 adhibenda
407 2112 480 2160 sese
496 2093 694 2160 abstinuisse
717 2096 889 2178 contendo,
914 2096 1005 2163 ouius
1028 2096 1075 2162 111
1095 2095 1186 2162 nulla
1209 2096 1277 2162 alia
1300 2115 1398 2162 cansa

200 2199 380 2282 excogitari
409 2198 547 2281 poterit,
583 2218 679 2280 quam
709 2201 795 2281 quod
829 2199 953 2269 vocalis
985 2227 1021 2265 ου
1050 2200 1084 2266 in
1117 2201 1180 2265 hac
1209 2219 1291 2267 voce
1326 2219 1397 2282 pro-

199 2302 344 2369 ductioni
381 2301 537 2368 metricae
576 2302 731 2385 debetur,
771 2323 855 2385 quae
892 2305 955 2370 nisi
992 2303 1025 2370 in
1064 2304 1169 2370 tribus
1206 2304 1399 2386 pluribusve

197 2408 351 2476 brevibus
374 2408 479 2474 locum
503 2425 569 2472 non
590 2407 744 2472 habebat.

285 2513 358 2579 Hoc
378 2512 480 2595 igitur
503 2512 651 2594 exemplo
674 2510 737 2576 nisi
753 2511 886 2595 egregie
908 2511 1006 2578 fallor
1021 2512 1201 2579 certissimo
1225 2515 1399 2582 edocemur

198 2622 314 2700 poetas
345 2616 444 2682 etiam
477 2615 511 2681 in
541 2615 675 2683 vocibus
697 2614 753 2681 ubi
782 2615 877 2681 modo
908 2621 977 2683 tres
1003 2618 1122 2686 breves
1152 2619 1303 2702 syllabae
1327 2639 1399 2686 sese

198 2721 351 2789 continuo
379 2720 545 2802 excipiunt
574 2718 784 2786 artificiosam
812 2721 1006 2800 quantitatis
1037 2722 1251 2789 mutationem
1274 2724 1399 2791 metri

198 2826 308 2911 gratia
341 2825 402 2891 sibi
430 2825 618 2908 indulgere,
659 2843 855 2905 quamquam
889 2825 985 2891 huius
1021 2825 1151 2908 generis
1185 2828 1348 2922 vocabula
1379 2847 1399 2894 1

197 2951 296 3000 versu
320 2930 482 3014 dactylico
505 2949 570 2996 non
593 2948 729 3012 prorsus
752 2930 939 2995 abhorrent.

285 3036 410 3102 Eodem
434 3035 583 3117 exemplo
607 3034 656 3100 uti
679 3053 851 3116 possumus
874 3035 917 3101 ad
940 3035 1045 3102 Fickii
1068 3037 1110 3103 de
1133 3037 1254 3104 arsium
1277 3039 1312 3107 vi
1336 3058 1399 3122 qua

198 3139 326 3225 syllaba
349 3139 514 3220 quaelibet
534 3138 671 3221 produci
693 3143 793 3218 queat
816 3144 850 3204 et
865 3139 1002 3206 aliorum
1026 3140 1080 3219 qui
1094 3140 1174 3221 ipsis
1197 3141 1329 3223 liquidis
1345 3144 1398 3211 vel

197 3247 231 3313 in
254 3246 368 3312 mediis
391 3247 524 3314 vocibus
552 3246 715 3327 quandam
739 3243 940 3326 producendi
963 3248 1162 3326 potestatem
1185 3249 1396 3335 concedunt¹)

198 3352 366 3435 opiniones
382 3351 598 3434 refellendas;
622 3370 707 3432 quae
730 3350 758 3437 si
773 3368 874 3416 verae
898 3354 1018 3431 essent,
1042 3349 1149 3431 poetis
1164 3350 1243 3416 nihil
1267 3352 1396 3420 omnino

197 3457 316 3524 1011111
338 3476 459 3524 causae
482 3476 540 3523 cur
566 3461 632 3522 tam
657 3454 810 3538 religiose
835 3453 943 3538 οὔνομ’
966 3459 1154 3521 truncatum
1178 3455 1353 3524 evitarent.

286 3561 349 3646 Qui
370 3560 536 3627 licentiam
557 3560 591 3625 in
621 3561 708 3625 hunc
730 3559 861 3626 modum
884 3558 1025 3625 scientes
1049 3565 1084 3625 11
1105 3560 1273 3642 proposito
1297 3560 1397 3627 certis

198 3674 234 3733 et
259 3667 356 3756 anxie
385 3665 568 3734 observatis
598 3663 715 3731 finibus
745 3664 980 3746 terminarunt,
1013 3683 1112 3731 curae
1142 3670 1232 3730 certe
1263 3665 1395 3732 circum·

197 3776 331 3854 spectae
354 3769 575 3837 testimonium
598 3769 706 3835 meriti
734 3773 812 3835 sunt
835 3773 960 3834 111010
991 3769 1081 3834 caelo
1113 3767 1239 3833 distant
1268 3770 1310 3834 ab
1333 3769 1397 3835 illis

198 3875 326 3959 graecis
349 3874 455 3957 poetis
478 3873 557 3939 nihil
581 3873 642 3940 sibi
663 3878 820 3957 negatum
843 3873 1034 3955 putantibus
1057 3872 1171 3954 quales
1192 3871 1289 3938 finxit
1309 3874 1396 3941 Mar·

95 4011 97 4013 ·
198 3980 285 4047 tialis
297 3978 427 4046 inscitia
439 3998 536 4069 quam
548 3983 666 4061 poetae
682 3984 793 4045 tamen
805 3976 901 4044 facile
913 3978 1142 4059 condonamus,
1159 3996 1232 4044 cum
1247 3995 1396 4060 praeser-

198 4085 256 4151 tim
272 4105 313 4151 ne
329 4084 533 4168 grammatici
549 4084 678 4166 quidem
697 4084 731 4149 in
754 4084 891 4149 eandem
907 4087 1035 4165 partem
1054 4101 1191 4163 peccare
1207 4083 1306 4151 veriti
1321 4083 1396 4149 sint.

286 4187 450 4269 Sequatur
471 4191 600 4272 bertam
631 4190 662 4252 Ω
685 4191 726 4253 19
751 4186 852 4273 (unde
875 4206 957 4253 corr.
987 4186 1066 4252 Hes.
1089 4186 1277 4274 μειλαίνει),
1305 4187 1396 4254 cuius

269 4344 384 4411 ι111111
410 4346 523 4402 Roschii
551 4344 676 4413 product.
707 4345 829 4399 brevium
860 4342 958 4412 syllab.
989 4344 1018 4397 in
1048 4341 1137 4396 iliade
1168 4347 1198 4395 13
1218 4358 1258 4412 sq.
1288 4351 1329 4400 11.
1357 4348 1396 4399 19.
1435 4320 1440 4329 ’

198 4430 311 4487 christu
336 4431 430 4487 Meu¹
451 4438 490 4489 ro.
518 4434 549 4487 u.
569 4432 673 4502 Meyeri
693 4438 703 4470 ²
722 4431 737 4502 1
757 4438 808 4487 aaa
826 4449 852 4501 p,
871 4437 922 4485 110
946 4433 969 4501 (¹
992 4436 1008 4496 s
1032 4436 1091 4488 111.
1117 4432 1187 4499 110).
1217 4430 1258 4485 cf.
1285 4430 1396 4487 casius

198 4521 226 4577 C.
246 4519 322 4576 stud.
342 4521 381 4575 IV
401 4526 460 4575 480.
496 4519 574 4575 Knbs
593 4520 627 4574 de
646 4518 785 4587 digammo
804 4525 863 4578 244.
