<?xml version="1.0" encoding="UTF-8"?>
<!DOCTYPE html PUBLIC "-//W3C//DTD XHTML 1.0 Transitional//EN"
    "http://www.w3.org/TR/xhtml1/DTD/xhtml1-transitional.dtd">
<html xmlns="http://www.w3.org/1999/xhtml" xml:lang="en" lang="en">
 <head>
  <title>
</title>
<meta http-equiv="Content-Type" content="text/html;charset=utf-8" />
  <meta name='ocr-system' content='tesseract 3.04.00' />
  <meta name='ocr-capabilities' content='ocr_page ocr_carea ocr_par ocr_line ocrx_word'/>
</head>
<body>
  <div class='ocr_page' id='page_1' title='image "./quaestionesepca00schugoog_0037.png"; bbox 0 0 2940 5026; ppageno 0'>
   <div class='ocr_carea' id='block_1_1' title="bbox 674 181 889 245">
    <p class='ocr_par' dir='ltr' id='par_1_1' title="bbox 674 181 889 245">
     <span class='ocr_line' id='line_1_1' title="bbox 674 181 889 245; baseline -0.009 -18"><span class='ocrx_word' id='word_1_1' title='bbox 674 181 889 245; x_wconf 73' lang='grc'>..24-</span> 
     </span>
    </p>
   </div>
   <div class='ocr_carea' id='block_1_2' title="bbox 103 360 1386 3597">
    <p class='ocr_par' dir='ltr' id='par_1_2' title="bbox 103 360 1385 1192">
     <span class='ocr_line' id='line_1_2' title="bbox 103 360 1382 454; baseline -0.002 -16"><span class='ocrx_word' id='word_1_2' title='bbox 103 411 107 421; x_wconf 92' lang='lat'>·</span> <span class='ocrx_word' id='word_1_3' title='bbox 183 374 236 439; x_wconf 82' lang='lat' dir='ltr'><strong>Ad</strong></span> <span class='ocrx_word' id='word_1_4' title='bbox 252 392 332 453; x_wconf 86' lang='lat' dir='ltr'><strong>quos</strong></span> <span class='ocrx_word' id='word_1_5' title='bbox 356 391 472 439; x_wconf 82' lang='lat' dir='ltr'><strong>versus</strong></span> <span class='ocrx_word' id='word_1_6' title='bbox 489 371 593 435; x_wconf 79' lang='lat' dir='ltr'><strong>Schol.</strong></span> <span class='ocrx_word' id='word_1_7' title='bbox 611 360 759 436; x_wconf 79' lang='lat' dir='ltr'><strong>Ambros.</strong></span> <span class='ocrx_word' id='word_1_8' title='bbox 783 370 1053 439; x_wconf 77' lang='lat' dir='ltr'><strong>haeccdnotnvit</strong></span> <span class='ocrx_word' id='word_1_9' title='bbox 1075 371 1158 437; x_wconf 89' lang='lat' dir='ltr'><strong>scitu</strong></span> <span class='ocrx_word' id='word_1_10' title='bbox 1175 372 1382 454; x_wconf 84' lang='lat' dir='ltr'><strong>dignissima:</strong></span> 
     </span>
     <span class='ocr_line' id='line_1_3' title="bbox 184 473 1383 563; baseline -0.002 -20"><span class='ocrx_word' id='word_1_11' title='bbox 184 475 258 555; x_wconf 71' lang='grc' dir='ltr'><strong><em>τοὺς</em></strong></span> <span class='ocrx_word' id='word_1_12' title='bbox 282 476 337 543; x_wconf 72' lang='grc' dir='ltr'><strong>ε’πί</strong></span> <span class='ocrx_word' id='word_1_13' title='bbox 360 481 416 563; x_wconf 73' lang='grc' dir='ltr'><strong>τῆς</strong></span> <span class='ocrx_word' id='word_1_14' title='bbox 440 473 528 561; x_wconf 78' lang='grc' dir='ltr'><strong><em>ῥινὸς</em></strong></span> <span class='ocrx_word' id='word_1_15' title='bbox 552 477 730 562; x_wconf 79' lang='grc' dir='ltr'><strong><em>φυομένους</em></strong></span> <span class='ocrx_word' id='word_1_16' title='bbox 754 475 883 554; x_wconf 74' lang='grc' dir='ltr'><strong><em>ῖόνθους</em></strong></span> <span class='ocrx_word' id='word_1_17' title='bbox 908 480 1101 542; x_wconf 77' lang='grc' dir='ltr'><strong><em>Σικελιῶται</em></strong></span> <span class='ocrx_word' id='word_1_18' title='bbox 1125 475 1271 557; x_wconf 76' lang='grc' dir='ltr'><em>ψεύστας</em></span> <span class='ocrx_word' id='word_1_19' title='bbox 1293 494 1383 557; x_wconf 70' lang='grc' dir='ltr'><strong><em>(ψευ-</em></strong></span> 
     </span>
     <span class='ocr_line' id='line_1_4' title="bbox 185 579 1385 665; baseline -0.002 -18"><span class='ocrx_word' id='word_1_20' title='bbox 185 582 263 660; x_wconf 64' lang='lat' dir='ltr'><strong>arog</strong></span> <span class='ocrx_word' id='word_1_21' title='bbox 299 581 437 665; x_wconf 81' lang='lat' dir='ltr'><strong>Buech.)</strong></span> <span class='ocrx_word' id='word_1_22' title='bbox 473 581 581 665; x_wconf 76' lang='grc' dir='ltr'><strong><em>ἔλεγον</em></strong></span> <span class='ocrx_word' id='word_1_23' title='bbox 621 579 695 658; x_wconf 72' lang='grc' dir='ltr'><strong><em>τοὺς</em></strong></span> <span class='ocrx_word' id='word_1_24' title='bbox 731 580 877 662; x_wconf 71' lang='grc' dir='ltr'><strong><em>ψεύστας</em></strong></span> <span class='ocrx_word' id='word_1_25' title='bbox 912 581 1146 665; x_wconf 76' lang='grc' dir='ltr'><strong><em>διελέγχοντας·</em></strong></span> <span class='ocrx_word' id='word_1_26' title='bbox 1182 581 1315 656; x_wconf 79' lang='grc' dir='ltr'><strong><em>τοι’τους</em></strong></span> <span class='ocrx_word' id='word_1_27' title='bbox 1351 584 1385 645; x_wconf 80' lang='grc' dir='ltr'><strong>δὲ</strong></span> 
     </span>
     <span class='ocr_line' id='line_1_5' title="bbox 185 685 1383 775; baseline -0.003 -20"><span class='ocrx_word' id='word_1_28' title='bbox 185 687 331 775; x_wconf 70' lang='grc' dir='ltr'><strong><em>φύεσθαι</em></strong></span> <span class='ocrx_word' id='word_1_29' title='bbox 369 699 436 764; x_wconf 83' lang='grc' dir='ltr'><strong><em>τοῖς</em></strong></span> <span class='ocrx_word' id='word_1_30' title='bbox 479 686 718 773; x_wconf 72' lang='grc' dir='ltr'><strong><em>φιλοψεὺσταις</em></strong></span> <span class='ocrx_word' id='word_1_31' title='bbox 760 691 822 750; x_wconf 80' lang='grc' dir='ltr'><strong>τῶν</strong></span> <span class='ocrx_word' id='word_1_32' title='bbox 865 685 1056 771; x_wconf 73' lang='grc' dir='ltr'><strong><em>ἀνθρώπων.</em></strong></span> <span class='ocrx_word' id='word_1_33' title='bbox 1111 685 1216 769; x_wconf 81' lang='lat' dir='ltr'>Igitur</span> <span class='ocrx_word' id='word_1_34' title='bbox 1256 687 1383 772; x_wconf 68' lang='grc' dir='ltr'><strong><em>ψευστὴ</em></strong></span> 
     </span>
     <span class='ocr_line' id='line_1_6' title="bbox 183 784 1384 877; baseline -0.001 -19"><span class='ocrx_word' id='word_1_35' title='bbox 183 792 246 875; x_wconf 91' lang='lat' dir='ltr'><strong>(sic</strong></span> <span class='ocrx_word' id='word_1_36' title='bbox 268 791 390 859; x_wconf 92' lang='lat' dir='ltr'><strong>Buech.</strong></span> <span class='ocrx_word' id='word_1_37' title='bbox 415 792 613 873; x_wconf 82' lang='lat' dir='ltr'><strong>comparatis</strong></span> <span class='ocrx_word' id='word_1_38' title='bbox 638 790 746 874; x_wconf 77' lang='grc' dir='ltr'><em>εὶρκτὴ</em></span> <span class='ocrx_word' id='word_1_39' title='bbox 772 790 874 876; x_wconf 59' lang='lat' dir='ltr'><strong>noun}</strong></span> <span class='ocrx_word' id='word_1_40' title='bbox 892 789 961 875; x_wconf 86' lang='lat' dir='ltr'><strong>all.)</strong></span> <span class='ocrx_word' id='word_1_41' title='bbox 987 798 1021 856; x_wconf 90' lang='lat' dir='ltr'><strong>et</strong></span> <span class='ocrx_word' id='word_1_42' title='bbox 1044 789 1230 877; x_wconf 71' lang='lat' dir='ltr'><strong>dtoovyydv</strong></span> <span class='ocrx_word' id='word_1_43' title='bbox 1246 784 1384 857; x_wconf 75' lang='lat' dir='ltr'><strong>eundem</strong></span> 
     </span>
     <span class='ocr_line' id='line_1_7' title="bbox 183 895 1385 979; baseline 0 -17"><span class='ocrx_word' id='word_1_44' title='bbox 183 916 252 963; x_wconf 92' lang='lat' dir='ltr'><strong>rem</strong></span> <span class='ocrx_word' id='word_1_45' title='bbox 288 895 452 978; x_wconf 81' lang='lat' dir='ltr'><strong>indicunt,</strong></span> <span class='ocrx_word' id='word_1_46' title='bbox 488 895 654 978; x_wconf 81' lang='lat' dir='ltr'>pustulam</span> <span class='ocrx_word' id='word_1_47' title='bbox 695 914 760 976; x_wconf 85' lang='lat' dir='ltr'><strong>qua</strong></span> <span class='ocrx_word' id='word_1_48' title='bbox 794 903 832 961; x_wconf 89' lang='lat' dir='ltr'><strong>nt</strong></span> <span class='ocrx_word' id='word_1_49' title='bbox 864 901 944 961; x_wconf 85' lang='lat' dir='ltr'><strong>nota</strong></span> <span class='ocrx_word' id='word_1_50' title='bbox 980 895 1200 979; x_wconf 82' lang='lat' dir='ltr'><strong>insigniuntur</strong></span> <span class='ocrx_word' id='word_1_51' title='bbox 1237 895 1385 962; x_wconf 88' lang='lat' dir='ltr'><strong>homines</strong></span> 
     </span>
     <span class='ocr_line' id='line_1_8' title="bbox 183 999 1383 1093; baseline -0.001 -25"><span class='ocrx_word' id='word_1_52' title='bbox 183 1001 367 1069; x_wconf 72' lang='lat' dir='ltr'><strong>mendaces.</strong></span> <span class='ocrx_word' id='word_1_53' title='bbox 394 1001 534 1087; x_wconf 71' lang='grc' dir='ltr'><strong><em>ψευστὴε</em></strong></span> <span class='ocrx_word' id='word_1_54' title='bbox 561 1000 722 1085; x_wconf 61' lang='lat' dir='ltr'><strong>wodstoc:</strong></span> <span class='ocrx_word' id='word_1_55' title='bbox 748 999 910 1082; x_wconf 73' lang='grc' dir='ltr'><strong><em>ψεύδομαι</em></strong></span> <span class='ocrx_word' id='word_1_56' title='bbox 927 1001 996 1087; x_wconf 79' lang='lat' dir='ltr'><strong>fere</strong></span> <span class='ocrx_word' id='word_1_57' title='bbox 1018 1032 1041 1056; x_wconf 96' lang='lat'>=</span> <span class='ocrx_word' id='word_1_58' title='bbox 1064 1000 1265 1093; x_wconf 68' lang='lat' dir='ltr'><strong>otocpuyyoiv:</strong></span> <span class='ocrx_word' id='word_1_59' title='bbox 1288 1011 1383 1084; x_wconf 68' lang='lat' dir='ltr'><strong>folo·</strong></span> 
     </span>
     <span class='ocr_line' id='line_1_9' title="bbox 185 1106 777 1192; baseline -0.003 -20"><span class='ocrx_word' id='word_1_60' title='bbox 185 1106 303 1192; x_wconf 72' lang='grc' dir='ltr'><strong><em>φώιοςε</em></strong></span> <span class='ocrx_word' id='word_1_61' title='bbox 324 1106 518 1191; x_wconf 55' lang='lat' dir='ltr'><strong>folcmarum.</strong></span> <span class='ocrx_word' id='word_1_62' title='bbox 774 1165 777 1170; x_wconf 88' lang='lat'><em>.</em></span> 
     </span>
    </p>

    <p class='ocr_par' dir='ltr' id='par_1_3' title="bbox 148 1209 1386 2029">
     <span class='ocr_line' id='line_1_10' title="bbox 232 1209 1385 1297; baseline 0 -21"><span class='ocrx_word' id='word_1_63' title='bbox 232 1271 235 1276; x_wconf 89' lang='lat'>.</span> <span class='ocrx_word' id='word_1_64' title='bbox 271 1238 291 1296; x_wconf 84' lang='lat' dir='ltr'><em>y</em></span> <span class='ocrx_word' id='word_1_65' title='bbox 317 1213 334 1276; x_wconf 78' lang='grc'>7</span> <span class='ocrx_word' id='word_1_66' title='bbox 363 1209 484 1293; x_wconf 77' lang='lat' dir='ltr'><strong>legitur</strong></span> <span class='ocrx_word' id='word_1_67' title='bbox 519 1210 723 1297; x_wconf 76' lang='grc' dir='ltr'><strong><em>οεοτηκόοιοι</em></strong></span> <span class='ocrx_word' id='word_1_68' title='bbox 757 1211 903 1297; x_wconf 76' lang='lat' dir='ltr'><strong>(Hardel&#39;</strong></span> <span class='ocrx_word' id='word_1_69' title='bbox 934 1212 975 1277; x_wconf 80' lang='lat' dir='ltr'><strong>de</strong></span> <span class='ocrx_word' id='word_1_70' title='bbox 1011 1242 1030 1276; x_wconf 89' lang='grc' dir='ltr'><strong><em>α</em></strong></span> <span class='ocrx_word' id='word_1_71' title='bbox 1065 1211 1171 1278; x_wconf 74' lang='lat' dir='ltr'><strong>vocali</strong></span> <span class='ocrx_word' id='word_1_72' title='bbox 1206 1212 1263 1296; x_wconf 77' lang='grc'><strong>97)</strong></span> <span class='ocrx_word' id='word_1_73' title='bbox 1290 1213 1385 1292; x_wconf 84' lang='lat' dir='ltr'><strong>,quod</strong></span> 
     </span>
     <span class='ocr_line' id='line_1_11' title="bbox 184 1315 1384 1403; baseline 0 -22"><span class='ocrx_word' id='word_1_74' title='bbox 184 1315 280 1383; x_wconf 90' lang='lat' dir='ltr'><strong>metri</strong></span> <span class='ocrx_word' id='word_1_75' title='bbox 317 1334 418 1381; x_wconf 83' lang='lat' dir='ltr'><strong>causa</strong></span> <span class='ocrx_word' id='word_1_76' title='bbox 452 1315 494 1380; x_wconf 86' lang='lat' dir='ltr'><strong>ad</strong></span> <span class='ocrx_word' id='word_1_77' title='bbox 532 1315 716 1397; x_wconf 79' lang='lat' dir='ltr'><strong>analogium</strong></span> <span class='ocrx_word' id='word_1_78' title='bbox 755 1334 871 1382; x_wconf 89' lang='lat' dir='ltr'><strong>vocum</strong></span> <span class='ocrx_word' id='word_1_79' title='bbox 906 1316 1102 1403; x_wconf 68' lang='grc' dir='ltr'><strong><em>πεντήκοντα</em></strong></span> <span class='ocrx_word' id='word_1_80' title='bbox 1138 1322 1172 1380; x_wconf 91' lang='lat' dir='ltr'><strong>et</strong></span> <span class='ocrx_word' id='word_1_81' title='bbox 1207 1316 1384 1401; x_wconf 76' lang='grc' dir='ltr'><strong><em>τριηκόσιοι</em></strong></span> 
     </span>
     <span class='ocr_line' id='line_1_12' title="bbox 183 1419 1383 1503; baseline 0 -17"><span class='ocrx_word' id='word_1_82' title='bbox 183 1421 294 1488; x_wconf 87' lang='lat' dir='ltr'><strong>fictum</strong></span> <span class='ocrx_word' id='word_1_83' title='bbox 329 1420 470 1487; x_wconf 84' lang='lat' dir='ltr'><strong>videtur.</strong></span> <span class='ocrx_word' id='word_1_84' title='bbox 479 1421 504 1503; x_wconf 85' lang='lat'><strong>¹)</strong></span> <span class='ocrx_word' id='word_1_85' title='bbox 550 1419 762 1485; x_wconf 72' lang='lat' dir='ltr'><strong>Aristarchus</strong></span> <span class='ocrx_word' id='word_1_86' title='bbox 796 1419 925 1501; x_wconf 88' lang='lat' dir='ltr'><strong>quidem</strong></span> <span class='ocrx_word' id='word_1_87' title='bbox 960 1426 995 1486; x_wconf 88' lang='lat' dir='ltr'><strong>et</strong></span> <span class='ocrx_word' id='word_1_88' title='bbox 1024 1421 1232 1487; x_wconf 85' lang='lat' dir='ltr'><strong>Herodianus</strong></span> <span class='ocrx_word' id='word_1_89' title='bbox 1268 1447 1383 1486; x_wconf 75' lang='grc' dir='ltr'><strong><em>πεννα-</em></strong></span> 
     </span>
     <span class='ocr_line' id='line_1_13' title="bbox 185 1524 1384 1608; baseline 0.003 -18"><span class='ocrx_word' id='word_1_90' title='bbox 185 1525 288 1592; x_wconf 80' lang='grc' dir='ltr'><strong><em>κὸοιοι</em></strong></span> <span class='ocrx_word' id='word_1_91' title='bbox 339 1524 474 1591; x_wconf 82' lang='lat' dir='ltr'><strong>formam</strong></span> <span class='ocrx_word' id='word_1_92' title='bbox 525 1525 692 1608; x_wconf 81' lang='lat' dir='ltr'><strong>volgarem</strong></span> <span class='ocrx_word' id='word_1_93' title='bbox 743 1526 1027 1606; x_wconf 83' lang='lat' dir='ltr'><strong>commendarunt,</strong></span> <span class='ocrx_word' id='word_1_94' title='bbox 1078 1526 1106 1592; x_wconf 89' lang='lat' dir='ltr'><strong>si</strong></span> <span class='ocrx_word' id='word_1_95' title='bbox 1155 1526 1232 1606; x_wconf 91' lang='lat' dir='ltr'><strong>quid</strong></span> <span class='ocrx_word' id='word_1_96' title='bbox 1278 1527 1384 1608; x_wconf 81' lang='lat' dir='ltr'><strong>video,</strong></span> 
     </span>
     <span class='ocr_line' id='line_1_14' title="bbox 148 1619 1384 1714; baseline 0.001 -18"><span class='ocrx_word' id='word_1_97' title='bbox 148 1619 150 1623; x_wconf 59' lang='grc'>’</span> <span class='ocrx_word' id='word_1_98' title='bbox 185 1631 255 1697; x_wconf 92' lang='lat' dir='ltr'><strong>sine</strong></span> <span class='ocrx_word' id='word_1_99' title='bbox 284 1631 372 1697; x_wconf 82' lang='lat' dir='ltr'><strong>iustu</strong></span> <span class='ocrx_word' id='word_1_100' title='bbox 403 1650 511 1697; x_wconf 83' lang='lat' dir='ltr'><strong>causa.</strong></span> <span class='ocrx_word' id='word_1_101' title='bbox 558 1630 668 1696; x_wconf 82' lang='lat' dir='ltr'><strong>Simile</strong></span> <span class='ocrx_word' id='word_1_102' title='bbox 702 1629 822 1695; x_wconf 85' lang='lat' dir='ltr'><strong>accidit</strong></span> <span class='ocrx_word' id='word_1_103' title='bbox 857 1634 960 1695; x_wconf 76' lang='grc'><strong>1336</strong></span> <span class='ocrx_word' id='word_1_104' title='bbox 996 1632 1050 1697; x_wconf 90' lang='lat' dir='ltr'><strong>ubi</strong></span> <span class='ocrx_word' id='word_1_105' title='bbox 1083 1632 1295 1698; x_wconf 81' lang='lat' dir='ltr'><strong>Aristarchus</strong></span> <span class='ocrx_word' id='word_1_106' title='bbox 1325 1652 1384 1714; x_wconf 87' lang='lat' dir='ltr'><strong>pro</strong></span> 
     </span>
     <span class='ocr_line' id='line_1_15' title="bbox 185 1734 1386 1822; baseline 0 -22"><span class='ocrx_word' id='word_1_107' title='bbox 185 1736 354 1822; x_wconf 72' lang='grc' dir='ltr'><strong><em>νεηγενέας</em></strong></span> <span class='ocrx_word' id='word_1_108' title='bbox 391 1736 527 1802; x_wconf 84' lang='lat' dir='ltr'><strong>formam</strong></span> <span class='ocrx_word' id='word_1_109' title='bbox 571 1755 667 1816; x_wconf 85' lang='lat' dir='ltr'><strong>quum</strong></span> <span class='ocrx_word' id='word_1_110' title='bbox 706 1734 810 1817; x_wconf 81' lang='lat' dir='ltr'><strong>magis</strong></span> <span class='ocrx_word' id='word_1_111' title='bbox 852 1735 1049 1818; x_wconf 70' lang='lat' dir='ltr'><strong>regulariter</strong></span> <span class='ocrx_word' id='word_1_112' title='bbox 1085 1734 1206 1801; x_wconf 81' lang='lat' dir='ltr'><strong>factam</strong></span> <span class='ocrx_word' id='word_1_113' title='bbox 1245 1737 1386 1818; x_wconf 82' lang='lat' dir='ltr'><strong>putabat</strong></span> 
     </span>
     <span class='ocr_line' id='line_1_16' title="bbox 185 1839 1383 1924; baseline 0.002 -21"><span class='ocrx_word' id='word_1_114' title='bbox 185 1840 348 1924; x_wconf 70' lang='grc' dir='ltr'><strong><em>νεογενέας</em></strong></span> <span class='ocrx_word' id='word_1_115' title='bbox 383 1839 512 1906; x_wconf 83' lang='lat' dir='ltr'><strong>dedisse</strong></span> <span class='ocrx_word' id='word_1_116' title='bbox 542 1839 664 1922; x_wconf 68' lang='lat' dir='ltr'><strong>fertum</strong></span> <span class='ocrx_word' id='word_1_117' title='bbox 699 1839 739 1905; x_wconf 83' lang='lat' dir='ltr'><strong>cl.</strong></span> <span class='ocrx_word' id='word_1_118' title='bbox 770 1846 882 1906; x_wconf 77' lang='lat' dir='ltr'><strong>tamen</strong></span> <span class='ocrx_word' id='word_1_119' title='bbox 912 1840 1071 1908; x_wconf 87' lang='lat' dir='ltr'><strong>Ludwich</strong></span> <span class='ocrx_word' id='word_1_120' title='bbox 1101 1841 1231 1906; x_wconf 83' lang='lat' dir='ltr'><strong>Arist&#39;s</strong></span> <span class='ocrx_word' id='word_1_121' title='bbox 1261 1841 1383 1906; x_wconf 86' lang='lat' dir='ltr'><strong>homer.</strong></span> 
     </span>
     <span class='ocr_line' id='line_1_17' title="bbox 185 1942 1113 2029; baseline 0.002 -22"><span class='ocrx_word' id='word_1_122' title='bbox 185 1942 347 2008; x_wconf 79' lang='lat' dir='ltr'><strong>&#39;lextkrit</strong></span> <span class='ocrx_word' id='word_1_123' title='bbox 371 1945 456 2009; x_wconf 86' lang='lat' dir='ltr'><strong>nach</strong></span> <span class='ocrx_word' id='word_1_124' title='bbox 479 1943 541 2010; x_wconf 88' lang='lat' dir='ltr'><strong>den</strong></span> <span class='ocrx_word' id='word_1_125' title='bbox 565 1944 699 2027; x_wconf 78' lang='lat' dir='ltr'><strong>Frugm.</strong></span> <span class='ocrx_word' id='word_1_126' title='bbox 724 1945 782 2010; x_wconf 89' lang='lat' dir='ltr'><strong>des</strong></span> <span class='ocrx_word' id='word_1_127' title='bbox 805 1945 965 2029; x_wconf 84' lang='lat' dir='ltr'><strong>Didymus</strong></span> <span class='ocrx_word' id='word_1_128' title='bbox 988 1946 1031 2011; x_wconf 79' lang='lat' dir='ltr'><strong>ad</strong></span> <span class='ocrx_word' id='word_1_129' title='bbox 1053 1946 1113 2010; x_wconf 89' lang='lat' dir='ltr'><strong>loc.</strong></span> 
     </span>
    </p>

    <p class='ocr_par' dir='ltr' id='par_1_4' title="bbox 183 2047 1384 3267">
     <span class='ocr_line' id='line_1_18' title="bbox 272 2047 1382 2136; baseline 0.002 -24"><span class='ocrx_word' id='word_1_130' title='bbox 272 2048 370 2114; x_wconf 87' lang='lat' dir='ltr'><strong>Haud</strong></span> <span class='ocrx_word' id='word_1_131' title='bbox 401 2047 467 2114; x_wconf 90' lang='lat' dir='ltr'><strong>scio</strong></span> <span class='ocrx_word' id='word_1_132' title='bbox 496 2067 538 2114; x_wconf 85' lang='lat' dir='ltr'><strong>an</strong></span> <span class='ocrx_word' id='word_1_133' title='bbox 568 2049 681 2115; x_wconf 48' lang='lat' dir='ltr'><strong>licent¹</strong></span> <span class='ocrx_word' id='word_1_134' title='bbox 697 2050 865 2136; x_wconf 73' lang='grc' dir='ltr'><strong>ΐθαιγενὴς</strong></span> <span class='ocrx_word' id='word_1_135' title='bbox 895 2049 993 2134; x_wconf 88' lang='lat' dir='ltr'><strong>(hier,</strong></span> <span class='ocrx_word' id='word_1_136' title='bbox 1025 2069 1067 2116; x_wconf 88' lang='lat' dir='ltr'><strong>an</strong></span> <span class='ocrx_word' id='word_1_137' title='bbox 1101 2055 1153 2115; x_wconf 85' lang='lat' dir='ltr'><strong>ort</strong></span> <span class='ocrx_word' id='word_1_138' title='bbox 1182 2050 1248 2116; x_wconf 90' lang='lat' dir='ltr'><strong>und</strong></span> <span class='ocrx_word' id='word_1_139' title='bbox 1278 2048 1382 2129; x_wconf 85' lang='lat' dir='ltr'><strong>stelle,</strong></span> 
     </span>
     <span class='ocr_line' id='line_1_19' title="bbox 184 2153 1383 2241; baseline 0 -23"><span class='ocrx_word' id='word_1_140' title='bbox 184 2153 346 2236; x_wconf 79' lang='lat' dir='ltr'><strong>gehenon,</strong></span> <span class='ocrx_word' id='word_1_141' title='bbox 378 2153 397 2217; x_wconf 90' lang='lat' dir='ltr'><strong>i.</strong></span> <span class='ocrx_word' id='word_1_142' title='bbox 428 2175 455 2217; x_wconf 92' lang='lat' dir='ltr'><strong>e.</strong></span> <span class='ocrx_word' id='word_1_143' title='bbox 488 2160 546 2220; x_wconf 85' lang='lat' dir='ltr'><strong>aut</strong></span> <span class='ocrx_word' id='word_1_144' title='bbox 574 2153 746 2241; x_wconf 71' lang='grc' dir='ltr'><strong><em>αὐτόχθων</em></strong></span> <span class='ocrx_word' id='word_1_145' title='bbox 776 2162 835 2222; x_wconf 76' lang='lat' dir='ltr'><strong>anit</strong></span> <span class='ocrx_word' id='word_1_146' title='bbox 866 2154 952 2221; x_wconf 86' lang='lat' dir='ltr'><strong>filius</strong></span> <span class='ocrx_word' id='word_1_147' title='bbox 985 2153 1151 2237; x_wconf 84' lang='lat' dir='ltr'><strong>legitimus</strong></span> <span class='ocrx_word' id='word_1_148' title='bbox 1186 2154 1316 2240; x_wconf 69' lang='grc' dir='ltr'><strong><em>γνήσιος</em></strong></span> <span class='ocrx_word' id='word_1_149' title='bbox 1352 2155 1383 2230; x_wconf 78' lang='grc' dir='ltr'><strong>ἐξ</strong></span> 
     </span>
     <span class='ocr_line' id='line_1_20' title="bbox 187 2254 1384 2344; baseline 0 -23"><span class='ocrx_word' id='word_1_150' title='bbox 187 2254 306 2341; x_wconf 75' lang='grc' dir='ltr'><strong><em>ἀλόχου</em></strong></span> <span class='ocrx_word' id='word_1_151' title='bbox 330 2257 441 2338; x_wconf 91' lang='lat' dir='ltr'><strong>procul</strong></span> <span class='ocrx_word' id='word_1_152' title='bbox 474 2257 570 2325; x_wconf 88' lang='lat' dir='ltr'><strong>dubio</strong></span> <span class='ocrx_word' id='word_1_153' title='bbox 598 2260 780 2344; x_wconf 80' lang='lat' dir='ltr'><strong>popularis3</strong></span> <span class='ocrx_word' id='word_1_154' title='bbox 812 2280 886 2343; x_wconf 89' lang='lat' dir='ltr'><strong>opp.</strong></span> <span class='ocrx_word' id='word_1_155' title='bbox 918 2258 1020 2341; x_wconf 82' lang='lat' dir='ltr'><strong>spinii</strong></span> <span class='ocrx_word' id='word_1_156' title='bbox 1051 2260 1082 2335; x_wconf 78' lang='grc' dir='ltr'><strong>ἐξ</strong></span> <span class='ocrx_word' id='word_1_157' title='bbox 1115 2256 1238 2343; x_wconf 50' lang='lat' dir='ltr'><strong>(dvorte</strong></span> <span class='ocrx_word' id='word_1_158' title='bbox 1261 2255 1384 2344; x_wconf 61' lang='grc' dir='ltr'><em>μητρὸς</em></span> 
     </span>
     <span class='ocr_line' id='line_1_21' title="bbox 186 2362 1384 2452; baseline 0 -26"><span class='ocrx_word' id='word_1_159' title='bbox 186 2363 381 2439; x_wconf 78' lang='grc' dir='ltr'><strong><em>παλλακίδος</em></strong></span> <span class='ocrx_word' id='word_1_160' title='bbox 404 2362 475 2428; x_wconf 80' lang='lat' dir='ltr'><strong>Sine</strong></span> <span class='ocrx_word' id='word_1_161' title='bbox 505 2362 602 2429; x_wconf 82' lang='lat' dir='ltr'><strong>dubio</strong></span> <span class='ocrx_word' id='word_1_162' title='bbox 633 2366 822 2452; x_wconf 78' lang='grc' dir='ltr'><strong><em>ἐπεισακτῆς</em></strong></span> <span class='ocrx_word' id='word_1_163' title='bbox 853 2363 1074 2446; x_wconf 77' lang='lat' dir='ltr'><strong>alienigenae3</strong></span> <span class='ocrx_word' id='word_1_164' title='bbox 1107 2366 1219 2440; x_wconf 78' lang='grc' dir='ltr'><strong><em>παῖδες</em></strong></span> <span class='ocrx_word' id='word_1_165' title='bbox 1251 2369 1384 2448; x_wconf 76' lang='grc' dir='ltr'><strong><em>θυραῖον</em></strong></span> 
     </span>
     <span class='ocr_line' id='line_1_22' title="bbox 185 2464 1382 2552; baseline -0.001 -22"><span class='ocrx_word' id='word_1_166' title='bbox 185 2464 333 2547; x_wconf 82' lang='lat' dir='ltr'><strong>Euripid.</strong></span> <span class='ocrx_word' id='word_1_167' title='bbox 357 2464 396 2530; x_wconf 83' lang='lat' dir='ltr'><strong>fn.</strong></span> <span class='ocrx_word' id='word_1_168' title='bbox 412 2468 487 2547; x_wconf 81' lang='lat'>491,</span> <span class='ocrx_word' id='word_1_169' title='bbox 513 2469 548 2552; x_wconf 77' lang='lat'><strong>2)</strong></span> <span class='ocrx_word' id='word_1_170' title='bbox 570 2468 633 2535; x_wconf 90' lang='lat' dir='ltr'><strong>huc</strong></span> <span class='ocrx_word' id='word_1_171' title='bbox 656 2471 805 2552; x_wconf 81' lang='lat' dir='ltr'><strong>trahere,</strong></span> <span class='ocrx_word' id='word_1_172' title='bbox 834 2471 920 2550; x_wconf 88' lang='lat' dir='ltr'><strong>quod</strong></span> <span class='ocrx_word' id='word_1_173' title='bbox 951 2468 1027 2548; x_wconf 86' lang='lat' dir='ltr'><strong>quin</strong></span> <span class='ocrx_word' id='word_1_174' title='bbox 1058 2466 1180 2534; x_wconf 84' lang='lat' dir='ltr'><strong>rectius</strong></span> <span class='ocrx_word' id='word_1_175' title='bbox 1210 2485 1282 2533; x_wconf 91' lang='lat' dir='ltr'><strong>cum</strong></span> <span class='ocrx_word' id='word_1_176' title='bbox 1307 2473 1382 2532; x_wconf 85' lang='lat' dir='ltr'><strong>scrt.</strong></span> 
     </span>
     <span class='ocr_line' id='line_1_23' title="bbox 183 2561 1384 2659; baseline 0.002 -27"><span class='ocrx_word' id='word_1_177' title='bbox 183 2567 242 2634; x_wconf 75' lang='lat' dir='ltr'><strong>tho</strong></span> <span class='ocrx_word' id='word_1_178' title='bbox 257 2569 292 2654; x_wconf 88' lang='lat'><strong>(=</strong></span> <span class='ocrx_word' id='word_1_179' title='bbox 309 2561 401 2651; x_wconf 56' lang='lat' dir='ltr'><strong>oium</strong></span> <span class='ocrx_word' id='word_1_180' title='bbox 426 2570 466 2634; x_wconf 83' lang='lat' dir='ltr'><strong>cl.</strong></span> <span class='ocrx_word' id='word_1_181' title='bbox 484 2588 598 2652; x_wconf 85' lang='lat' dir='ltr'><strong>synon·</strong></span> <span class='ocrx_word' id='word_1_182' title='bbox 618 2570 835 2659; x_wconf 61' lang='lat' dir='ltr'><strong>adusysvngll)</strong></span> <span class='ocrx_word' id='word_1_183' title='bbox 851 2579 1059 2654; x_wconf 80' lang='lat' dir='ltr'><strong>comparetur</strong></span> <span class='ocrx_word' id='word_1_184' title='bbox 1074 2590 1171 2652; x_wconf 83' lang='lat' dir='ltr'><strong>quom</strong></span> <span class='ocrx_word' id='word_1_185' title='bbox 1188 2589 1259 2637; x_wconf 90' lang='lat' dir='ltr'><strong>cnm</strong></span> <span class='ocrx_word' id='word_1_186' title='bbox 1277 2568 1384 2654; x_wconf 52' lang='lat' dir='ltr'><strong>tote)</strong></span> 
     </span>
     <span class='ocr_line' id='line_1_24' title="bbox 184 2673 1382 2763; baseline 0 -24"><span class='ocrx_word' id='word_1_187' title='bbox 184 2673 293 2741; x_wconf 88' lang='lat' dir='ltr'><strong>nullus</strong></span> <span class='ocrx_word' id='word_1_188' title='bbox 318 2674 439 2741; x_wconf 88' lang='lat' dir='ltr'><strong>dubito.</strong></span> <span class='ocrx_word' id='word_1_189' title='bbox 479 2677 682 2760; x_wconf 75' lang='grc' dir='ltr'><strong><em>ῖθᾰγενὲεσοι</em></strong></span> <span class='ocrx_word' id='word_1_190' title='bbox 714 2676 887 2763; x_wconf 83' lang='lat' dir='ltr'><strong>(Herodot.</strong></span> <span class='ocrx_word' id='word_1_191' title='bbox 916 2676 951 2740; x_wconf 94' lang='grc' dir='ltr'><strong>ΙΙ</strong></span> <span class='ocrx_word' id='word_1_192' title='bbox 976 2678 1025 2739; x_wconf 82' lang='grc'><strong>17.</strong></span> <span class='ocrx_word' id='word_1_193' title='bbox 1051 2675 1099 2739; x_wconf 88' lang='lat' dir='ltr'><strong>VI</strong></span> <span class='ocrx_word' id='word_1_194' title='bbox 1121 2675 1178 2760; x_wconf 78' lang='lat'><strong>53)</strong></span> <span class='ocrx_word' id='word_1_195' title='bbox 1203 2702 1213 2739; x_wconf 87' lang='grc' dir='ltr'><strong><em>ι</em></strong></span> <span class='ocrx_word' id='word_1_196' title='bbox 1236 2675 1382 2742; x_wconf 80' lang='lat' dir='ltr'><strong>vocalem</strong></span> 
     </span>
     <span class='ocr_line' id='line_1_25' title="bbox 185 2777 1383 2867; baseline 0.003 -25"><span class='ocrx_word' id='word_1_197' title='bbox 185 2780 363 2862; x_wconf 84' lang='lat' dir='ltr'><strong>assumpsit</strong></span> <span class='ocrx_word' id='word_1_198' title='bbox 385 2777 425 2845; x_wconf 73' lang='lat' dir='ltr'><strong>ei</strong></span> <span class='ocrx_word' id='word_1_199' title='bbox 449 2781 602 2865; x_wconf 81' lang='lat' dir='ltr'><strong>analogia</strong></span> <span class='ocrx_word' id='word_1_200' title='bbox 626 2781 876 2865; x_wconf 84' lang='lat' dir='ltr'><strong>compositorum</strong></span> <span class='ocrx_word' id='word_1_201' title='bbox 903 2781 1140 2867; x_wconf 66' lang='grc' dir='ltr'><strong>Κρηταιγενὴς,</strong></span> <span class='ocrx_word' id='word_1_202' title='bbox 1168 2779 1383 2866; x_wconf 69' lang='grc' dir='ltr'><strong><em>Θηβαιγενὴς,</em></strong></span> 
     </span>
     <span class='ocr_line' id='line_1_26' title="bbox 185 2882 1383 2972; baseline 0 -22"><span class='ocrx_word' id='word_1_203' title='bbox 185 2883 272 2965; x_wconf 85' lang='lat' dir='ltr'><strong>quod</strong></span> <span class='ocrx_word' id='word_1_204' title='bbox 294 2882 327 2950; x_wconf 94' lang='lat' dir='ltr'><strong>in</strong></span> <span class='ocrx_word' id='word_1_205' title='bbox 350 2884 456 2952; x_wconf 85' lang='lat' dir='ltr'><strong>titulis</strong></span> <span class='ocrx_word' id='word_1_206' title='bbox 479 2903 608 2966; x_wconf 87' lang='lat' dir='ltr'><strong>quoque</strong></span> <span class='ocrx_word' id='word_1_207' title='bbox 630 2905 682 2952; x_wconf 91' lang='lat' dir='ltr'><strong>me</strong></span> <span class='ocrx_word' id='word_1_208' title='bbox 704 2887 969 2972; x_wconf 77' lang='lat' dir='ltr'><strong>legerememini</strong></span> <span class='ocrx_word' id='word_1_209' title='bbox 992 2894 1026 2953; x_wconf 91' lang='lat' dir='ltr'><strong>et</strong></span> <span class='ocrx_word' id='word_1_210' title='bbox 1048 2887 1192 2970; x_wconf 76' lang='lat' dir='ltr'><strong>Hesiodo</strong></span> <span class='ocrx_word' id='word_1_211' title='bbox 1217 2886 1383 2969; x_wconf 80' lang='lat' dir='ltr'><strong>Theogon.</strong></span> 
     </span>
     <span class='ocr_line' id='line_1_27' title="bbox 184 2987 1384 3077; baseline 0.001 -22"><span class='ocrx_word' id='word_1_212' title='bbox 184 2989 250 3055; x_wconf 81' lang='lat'><strong>530</strong></span> <span class='ocrx_word' id='word_1_213' title='bbox 272 2987 390 3054; x_wconf 81' lang='lat' dir='ltr'><strong>Hortel</strong></span> <span class='ocrx_word' id='word_1_214' title='bbox 415 2995 450 3055; x_wconf 92' lang='lat' dir='ltr'><strong>et</strong></span> <span class='ocrx_word' id='word_1_215' title='bbox 471 2990 581 3056; x_wconf 84' lang='lat' dir='ltr'><strong>Rzoch</strong></span> <span class='ocrx_word' id='word_1_216' title='bbox 609 2989 700 3075; x_wconf 79' lang='lat' dir='ltr'><strong>(dial.</strong></span> <span class='ocrx_word' id='word_1_217' title='bbox 732 2993 790 3058; x_wconf 90' lang='lat' dir='ltr'><strong>des</strong></span> <span class='ocrx_word' id='word_1_218' title='bbox 820 2992 954 3059; x_wconf 91' lang='lat' dir='ltr'><strong>Hesiod.</strong></span> <span class='ocrx_word' id='word_1_219' title='bbox 986 3012 1017 3074; x_wconf 88' lang='lat' dir='ltr'><strong>p.</strong></span> <span class='ocrx_word' id='word_1_220' title='bbox 1046 2993 1124 3077; x_wconf 79' lang='lat'>398)</span> <span class='ocrx_word' id='word_1_221' title='bbox 1148 2989 1264 3057; x_wconf 89' lang='lat' dir='ltr'><strong>merito</strong></span> <span class='ocrx_word' id='word_1_222' title='bbox 1289 2990 1384 3056; x_wconf 87' lang='lat' dir='ltr'><strong>resti-</strong></span> 
     </span>
     <span class='ocr_line' id='line_1_28' title="bbox 184 3093 1384 3178; baseline 0.003 -20"><span class='ocrx_word' id='word_1_223' title='bbox 184 3097 336 3175; x_wconf 88' lang='lat' dir='ltr'><strong>tuerunt;</strong></span> <span class='ocrx_word' id='word_1_224' title='bbox 369 3093 402 3158; x_wconf 93' lang='lat' dir='ltr'><strong>id</strong></span> <span class='ocrx_word' id='word_1_225' title='bbox 433 3094 518 3174; x_wconf 88' lang='lat' dir='ltr'><strong>qnod</strong></span> <span class='ocrx_word' id='word_1_226' title='bbox 553 3113 592 3160; x_wconf 89' lang='lat' dir='ltr'><strong>eo</strong></span> <span class='ocrx_word' id='word_1_227' title='bbox 625 3094 753 3162; x_wconf 76' lang='lat' dir='ltr'><strong>facilius</strong></span> <span class='ocrx_word' id='word_1_228' title='bbox 787 3104 906 3178; x_wconf 83' lang='lat' dir='ltr'><strong>poetae</strong></span> <span class='ocrx_word' id='word_1_229' title='bbox 941 3095 1001 3162; x_wconf 87' lang='lat' dir='ltr'><strong>sibi</strong></span> <span class='ocrx_word' id='word_1_230' title='bbox 1035 3102 1269 3161; x_wconf 88' lang='lat' dir='ltr'><strong>concesserunt</strong></span> <span class='ocrx_word' id='word_1_231' title='bbox 1298 3096 1384 3176; x_wconf 86' lang='lat' dir='ltr'><strong>quod</strong></span> 
     </span>
     <span class='ocr_line' id='line_1_29' title="bbox 185 3196 1057 3267; baseline 0 -4"><span class='ocrx_word' id='word_1_232' title='bbox 185 3196 284 3263; x_wconf 84' lang='lat' dir='ltr'><strong>etiam</strong></span> <span class='ocrx_word' id='word_1_233' title='bbox 307 3200 410 3263; x_wconf 72' lang='lat' dir='ltr'><strong>natal</strong></span> <span class='ocrx_word' id='word_1_234' title='bbox 428 3204 467 3263; x_wconf 86' lang='lat' dir='ltr'><strong>et&#39;</strong></span> <span class='ocrx_word' id='word_1_235' title='bbox 484 3199 567 3264; x_wconf 76' lang='grc' dir='ltr'><strong><em>κατά</em></strong></span> <span class='ocrx_word' id='word_1_236' title='bbox 589 3200 692 3266; x_wconf 92' lang='lat' dir='ltr'><strong>simm.</strong></span> <span class='ocrx_word' id='word_1_237' title='bbox 716 3201 810 3267; x_wconf 75' lang='lat' dir='ltr'><strong>iuxta</strong></span> <span class='ocrx_word' id='word_1_238' title='bbox 833 3201 1057 3267; x_wconf 81' lang='lat' dir='ltr'><strong>occurrebant.</strong></span> 
     </span>
    </p>

    <p class='ocr_par' dir='ltr' id='par_1_5' title="bbox 185 3300 1384 3597">
     <span class='ocr_line' id='line_1_30' title="bbox 271 3300 1384 3390; baseline 0.003 -23"><span class='ocrx_word' id='word_1_239' title='bbox 271 3300 354 3367; x_wconf 83' lang='lat' dir='ltr'><strong>Post</strong></span> <span class='ocrx_word' id='word_1_240' title='bbox 376 3302 531 3368; x_wconf 86' lang='lat' dir='ltr'><strong>Loheokii</strong></span> <span class='ocrx_word' id='word_1_241' title='bbox 555 3302 809 3386; x_wconf 83' lang='lat' dir='ltr'><strong>disputationem</strong></span> <span class='ocrx_word' id='word_1_242' title='bbox 833 3304 984 3390; x_wconf 79' lang='lat' dir='ltr'><strong>(Pererg.</strong></span> <span class='ocrx_word' id='word_1_243' title='bbox 1009 3304 1051 3370; x_wconf 84' lang='lat' dir='ltr'><strong>ao</strong></span> <span class='ocrx_word' id='word_1_244' title='bbox 1074 3304 1196 3388; x_wconf 88' lang='lat' dir='ltr'><strong>Phryn.</strong></span> <span class='ocrx_word' id='word_1_245' title='bbox 1216 3304 1304 3389; x_wconf 80' lang='lat'>650),</span> <span class='ocrx_word' id='word_1_246' title='bbox 1330 3304 1384 3386; x_wconf 75' lang='lat' dir='ltr'><strong>utri</strong></span> 
     </span>
     <span class='ocr_line' id='line_1_31' title="bbox 186 3405 1384 3478; baseline 0.004 -7"><span class='ocrx_word' id='word_1_247' title='bbox 186 3405 280 3472; x_wconf 80' lang='lat' dir='ltr'><strong>‘hanc</strong></span> <span class='ocrx_word' id='word_1_248' title='bbox 317 3407 519 3475; x_wconf 75' lang='lat' dir='ltr'><strong>artificialem</strong></span> <span class='ocrx_word' id='word_1_249' title='bbox 557 3408 718 3476; x_wconf 80' lang='lat' dir='ltr'><strong>rationem</strong></span> <span class='ocrx_word' id='word_1_250' title='bbox 751 3429 816 3477; x_wconf 90' lang='lat' dir='ltr'><strong>non</strong></span> <span class='ocrx_word' id='word_1_251' title='bbox 851 3416 918 3477; x_wconf 79' lang='lat' dir='ltr'><strong>tam</strong></span> <span class='ocrx_word' id='word_1_252' title='bbox 952 3411 1048 3478; x_wconf 80' lang='lat' dir='ltr'><strong>metri</strong></span> <span class='ocrx_word' id='word_1_253' title='bbox 1082 3429 1182 3478; x_wconf 82' lang='lat' dir='ltr'><strong>causa</strong></span> <span class='ocrx_word' id='word_1_254' title='bbox 1215 3411 1384 3478; x_wconf 79' lang='lat' dir='ltr'><strong>inventum</strong></span> 
     </span>
     <span class='ocr_line' id='line_1_32' title="bbox 185 3512 1383 3597; baseline 0.004 -22"><span class='ocrx_word' id='word_1_255' title='bbox 185 3528 282 3590; x_wconf 79' lang='lat' dir='ltr'><strong>quom</strong></span> <span class='ocrx_word' id='word_1_256' title='bbox 306 3529 326 3575; x_wconf 86' lang='grc' dir='ltr'><strong><em>ο</em></strong></span> <span class='ocrx_word' id='word_1_257' title='bbox 348 3516 469 3579; x_wconf 80' lang='lat' dir='ltr'><strong>notura</strong></span> <span class='ocrx_word' id='word_1_258' title='bbox 491 3512 564 3595; x_wconf 85' lang='lat' dir='ltr'><strong>ipso</strong></span> <span class='ocrx_word' id='word_1_259' title='bbox 593 3513 779 3581; x_wconf 83' lang='lat' dir='ltr'><strong>incohatam</strong></span> <span class='ocrx_word' id='word_1_260' title='bbox 810 3516 893 3580; x_wconf 89' lang='lat' dir='ltr'><strong>esse’</strong></span> <span class='ocrx_word' id='word_1_261' title='bbox 923 3515 994 3581; x_wconf 88' lang='lat' dir='ltr'><strong>iure</strong></span> <span class='ocrx_word' id='word_1_262' title='bbox 1025 3514 1123 3597; x_wconf 85' lang='lat' dir='ltr'><strong>dixit,</strong></span> <span class='ocrx_word' id='word_1_263' title='bbox 1154 3516 1284 3582; x_wconf 89' lang='lat' dir='ltr'><strong>Ahrens</strong></span> <span class='ocrx_word' id='word_1_264' title='bbox 1308 3520 1383 3581; x_wconf 78' lang='grc' dir='ltr'><strong><em>ἐλα-</em></strong></span> 
     </span>
    </p>
   </div>
   <div class='ocr_carea' id='block_1_3' title="bbox 183 3773 1385 4541">
    <p class='ocr_par' dir='ltr' id='par_1_6' title="bbox 184 3773 1385 4287">
     <span class='ocr_line' id='line_1_33' title="bbox 256 3773 1381 3849; baseline 0.001 -20"><span class='ocrx_word' id='word_1_265' title='bbox 256 3775 276 3841; x_wconf 77' lang='grc' dir='ltr'><strong>ι)</strong></span> <span class='ocrx_word' id='word_1_266' title='bbox 295 3773 339 3830; x_wconf 87' lang='lat' dir='ltr'><strong>Sic</strong></span> <span class='ocrx_word' id='word_1_267' title='bbox 367 3780 585 3849; x_wconf 74' lang='grc' dir='ltr'><strong>ιρῖιὶκονιοέτης</strong></span> <span class='ocrx_word' id='word_1_268' title='bbox 610 3775 684 3844; x_wconf 87' lang='lat' dir='ltr'><strong>quod</strong></span> <span class='ocrx_word' id='word_1_269' title='bbox 708 3776 777 3829; x_wconf 81' lang='lat' dir='ltr'><strong>citat</strong></span> <span class='ocrx_word' id='word_1_270' title='bbox 793 3774 940 3829; x_wconf 84' lang='lat' dir='ltr'><strong>·Prellwitz</strong></span> <span class='ocrx_word' id='word_1_271' title='bbox 966 3775 1032 3831; x_wconf 84' lang='lat' dir='ltr'><strong>dial.</strong></span> <span class='ocrx_word' id='word_1_272' title='bbox 1056 3775 1169 3830; x_wconf 78' lang='lat' dir='ltr'><strong>thessal.</strong></span> <span class='ocrx_word' id='word_1_273' title='bbox 1198 3782 1229 3828; x_wconf 82' lang='lat'><strong>12</strong></span> <span class='ocrx_word' id='word_1_274' title='bbox 1253 3782 1311 3834; x_wconf 86' lang='lat' dir='ltr'><strong>not.</strong></span> <span class='ocrx_word' id='word_1_275' title='bbox 1335 3777 1381 3846; x_wconf 83' lang='lat' dir='ltr'><strong>qni</strong></span> 
     </span>
     <span class='ocr_line' id='line_1_34' title="bbox 184 3862 1385 3934; baseline 0.001 -16"><span class='ocrx_word' id='word_1_276' title='bbox 184 3863 267 3920; x_wconf 73' lang='lat' dir='ltr'><strong>aliter</strong></span> <span class='ocrx_word' id='word_1_277' title='bbox 294 3862 429 3930; x_wconf 76' lang='lat' dir='ltr'><strong>explicet,</strong></span> <span class='ocrx_word' id='word_1_278' title='bbox 457 3862 614 3934; x_wconf 76' lang='grc' dir='ltr'><strong><em>νρῖᾶκονιο</em></strong></span> <span class='ocrx_word' id='word_1_279' title='bbox 639 3893 671 3902; x_wconf 84' lang='grc'>-</span> <span class='ocrx_word' id='word_1_280' title='bbox 695 3862 771 3918; x_wconf 89' lang='lat' dir='ltr'><strong>cuius</strong></span> <span class='ocrx_word' id='word_1_281' title='bbox 793 3877 943 3917; x_wconf 83' lang='lat' dir='ltr'><strong>mensurae</strong></span> <span class='ocrx_word' id='word_1_282' title='bbox 967 3863 1094 3932; x_wconf 78' lang='lat' dir='ltr'><strong>exemplo</strong></span> <span class='ocrx_word' id='word_1_283' title='bbox 1117 3863 1236 3931; x_wconf 80' lang='lat' dir='ltr'><strong>porrigit</strong></span> <span class='ocrx_word' id='word_1_284' title='bbox 1261 3863 1385 3932; x_wconf 78' lang='lat' dir='ltr'><strong>Wagner</strong></span> 
     </span>
     <span class='ocr_line' id='line_1_35' title="bbox 185 3948 1384 4019; baseline 0.001 -15"><span class='ocrx_word' id='word_1_285' title='bbox 185 3948 297 4016; x_wconf 73' lang='lat' dir='ltr'><strong>Quaest.</strong></span> <span class='ocrx_word' id='word_1_286' title='bbox 316 3948 350 4004; x_wconf 91' lang='lat' dir='ltr'><strong>de</strong></span> <span class='ocrx_word' id='word_1_287' title='bbox 369 3951 453 4019; x_wconf 78' lang='lat' dir='ltr'><strong>epigr.</strong></span> <span class='ocrx_word' id='word_1_288' title='bbox 473 3966 563 4019; x_wconf 78' lang='lat' dir='ltr'><strong>graec.</strong></span> <span class='ocrx_word' id='word_1_289' title='bbox 583 3965 618 4005; x_wconf 82' lang='lat' dir='ltr'><strong>ex</strong></span> <span class='ocrx_word' id='word_1_290' title='bbox 637 3948 739 4016; x_wconf 81' lang='lat' dir='ltr'><strong>lapidd.</strong></span> <span class='ocrx_word' id='word_1_291' title='bbox 763 3948 824 4004; x_wconf 90' lang='lat' dir='ltr'><strong>coll.</strong></span> <span class='ocrx_word' id='word_1_292' title='bbox 844 3965 958 4018; x_wconf 72' lang='lat' dir='ltr'><strong>gramm.</strong></span> <span class='ocrx_word' id='word_1_293' title='bbox 978 3965 1005 4018; x_wconf 87' lang='lat' dir='ltr'><strong>p.</strong></span> <span class='ocrx_word' id='word_1_294' title='bbox 1024 3956 1057 4003; x_wconf 80' lang='grc'><strong>49</strong></span> <span class='ocrx_word' id='word_1_295' title='bbox 1076 3965 1170 4005; x_wconf 84' lang='lat' dir='ltr'><strong>versus</strong></span> <span class='ocrx_word' id='word_1_296' title='bbox 1188 3949 1262 4016; x_wconf 80' lang='lat' dir='ltr'><strong>apud</strong></span> <span class='ocrx_word' id='word_1_297' title='bbox 1282 3951 1384 4006; x_wconf 75' lang='grc' dir='ltr'><strong><em>Κοίου-</em></strong></span> 
     </span>
     <span class='ocr_line' id='line_1_36' title="bbox 185 4035 1384 4106; baseline 0.002 -16"><span class='ocrx_word' id='word_1_298' title='bbox 185 4035 251 4090; x_wconf 85' lang='lat' dir='ltr'><strong>lium</strong></span> <span class='ocrx_word' id='word_1_299' title='bbox 280 4041 322 4102; x_wconf 76' lang='lat'><strong>85,</strong></span> <span class='ocrx_word' id='word_1_300' title='bbox 351 4036 510 4090; x_wconf 82' lang='lat' dir='ltr'><strong>sextantis</strong></span> <span class='ocrx_word' id='word_1_301' title='bbox 534 4035 691 4102; x_wconf 88' lang='lat' dir='ltr'><strong>immemor;</strong></span> <span class='ocrx_word' id='word_1_302' title='bbox 715 4037 816 4091; x_wconf 83' lang='lat' dir='ltr'><strong>lloibel</strong></span> <span class='ocrx_word' id='word_1_303' title='bbox 840 4054 881 4091; x_wconf 85' lang='lat' dir='ltr'><strong>nr.</strong></span> <span class='ocrx_word' id='word_1_304' title='bbox 910 4044 973 4092; x_wconf 86' lang='lat' dir='ltr'><strong>10o1</strong></span> <span class='ocrx_word' id='word_1_305' title='bbox 1000 4062 1033 4090; x_wconf 62' lang='grc' dir='ltr'><strong>ε</strong></span> <span class='ocrx_word' id='word_1_306' title='bbox 1058 4040 1115 4093; x_wconf 80' lang='grc' dir='ltr'><strong>ΑΡ.</strong></span> <span class='ocrx_word' id='word_1_307' title='bbox 1140 4039 1179 4093; x_wconf 83' lang='lat' dir='ltr'><strong>lx</strong></span> <span class='ocrx_word' id='word_1_308' title='bbox 1205 4044 1270 4106; x_wconf 76' lang='grc'><strong>681,</strong></span> <span class='ocrx_word' id='word_1_309' title='bbox 1296 4047 1310 4092; x_wconf 76' lang='lat'>4</span> <span class='ocrx_word' id='word_1_310' title='bbox 1338 4038 1384 4092; x_wconf 89' lang='lat' dir='ltr'><strong>ubi</strong></span> 
     </span>
     <span class='ocr_line' id='line_1_37' title="bbox 184 4121 1381 4195; baseline 0.002 -18"><span class='ocrx_word' id='word_1_311' title='bbox 184 4122 267 4190; x_wconf 79' lang='lat' dir='ltr'><strong>plura</strong></span> <span class='ocrx_word' id='word_1_312' title='bbox 285 4122 364 4179; x_wconf 76' lang='lat' dir='ltr'><strong>dubit</strong></span> <span class='ocrx_word' id='word_1_313' title='bbox 386 4123 488 4179; x_wconf 84' lang='lat' dir='ltr'><strong>Jacobs</strong></span> <span class='ocrx_word' id='word_1_314' title='bbox 505 4154 543 4191; x_wconf 81' lang='lat'><strong>—‚</strong></span> <span class='ocrx_word' id='word_1_315' title='bbox 563 4121 749 4192; x_wconf 67' lang='lat' dir='ltr'><strong>todoudxovt&#39;</strong></span> <span class='ocrx_word' id='word_1_316' title='bbox 772 4127 903 4195; x_wconf 71' lang='grc' dir='ltr'><strong><em>ιίονομόν</em></strong></span> <span class='ocrx_word' id='word_1_317' title='bbox 923 4122 1017 4194; x_wconf 85' lang='lat' dir='ltr'><strong>Sibyll.</strong></span> <span class='ocrx_word' id='word_1_318' title='bbox 1037 4140 1108 4179; x_wconf 79' lang='lat' dir='ltr'><strong>orac.</strong></span> <span class='ocrx_word' id='word_1_319' title='bbox 1128 4124 1182 4177; x_wconf 84' lang='lat' dir='ltr'><strong>Xll</strong></span> <span class='ocrx_word' id='word_1_320' title='bbox 1202 4131 1234 4178; x_wconf 77' lang='lat' dir='ltr'><strong>uo</strong></span> <span class='ocrx_word' id='word_1_321' title='bbox 1256 4125 1291 4194; x_wconf 78' lang='grc'><strong>(1)</strong></span> <span class='ocrx_word' id='word_1_322' title='bbox 1311 4132 1328 4179; x_wconf 70' lang='grc' dir='ltr'><em>ἁ</em></span> <span class='ocrx_word' id='word_1_323' title='bbox 1349 4143 1381 4179; x_wconf 82' lang='lat' dir='ltr'><strong>cx</strong></span> 
     </span>
     <span class='ocr_line' id='line_1_38' title="bbox 184 4211 739 4287; baseline -0.007 -19"><span class='ocrx_word' id='word_1_324' title='bbox 184 4213 318 4268; x_wconf 75' lang='lat' dir='ltr'><strong>vocabulo</strong></span> <span class='ocrx_word' id='word_1_325' title='bbox 337 4211 548 4287; x_wconf 72' lang='grc' dir='ltr'><strong><em>ιισσαρᾶνοννα</em></strong></span> <span class='ocrx_word' id='word_1_326' title='bbox 566 4219 739 4278; x_wconf 80' lang='lat' dir='ltr'><strong>occeperunt.</strong></span> 
     </span>
    </p>

    <p class='ocr_par' dir='ltr' id='par_1_7' title="bbox 183 4297 1382 4444">
     <span class='ocr_line' id='line_1_39' title="bbox 255 4297 1382 4370; baseline 0 -16"><span class='ocrx_word' id='word_1_327' title='bbox 255 4301 274 4369; x_wconf 88' lang='lat'><strong>¹)</strong></span> <span class='ocrx_word' id='word_1_328' title='bbox 294 4300 333 4355; x_wconf 79' lang='lat' dir='ltr'><strong>cf.</strong></span> <span class='ocrx_word' id='word_1_329' title='bbox 347 4300 480 4368; x_wconf 88' lang='lat' dir='ltr'><strong>imprimis</strong></span> <span class='ocrx_word' id='word_1_330' title='bbox 494 4297 616 4366; x_wconf 77' lang='lat' dir='ltr'><strong>Rodiger</strong></span> <span class='ocrx_word' id='word_1_331' title='bbox 635 4299 668 4354; x_wconf 91' lang='lat' dir='ltr'><strong>de</strong></span> <span class='ocrx_word' id='word_1_332' title='bbox 688 4303 770 4370; x_wconf 83' lang='lat' dir='ltr'><strong>prior.</strong></span> <span class='ocrx_word' id='word_1_333' title='bbox 791 4301 903 4357; x_wconf 86' lang='lat' dir='ltr'><strong>membr.</strong></span> <span class='ocrx_word' id='word_1_334' title='bbox 918 4303 944 4356; x_wconf 92' lang='lat' dir='ltr'><strong>in</strong></span> <span class='ocrx_word' id='word_1_335' title='bbox 965 4317 1064 4356; x_wconf 87' lang='lat' dir='ltr'><strong>nomm.</strong></span> <span class='ocrx_word' id='word_1_336' title='bbox 1078 4316 1118 4368; x_wconf 80' lang='lat' dir='ltr'><strong>gr.</strong></span> <span class='ocrx_word' id='word_1_337' title='bbox 1132 4317 1234 4370; x_wconf 82' lang='lat' dir='ltr'><strong>compp.</strong></span> <span class='ocrx_word' id='word_1_338' title='bbox 1250 4301 1382 4356; x_wconf 83' lang='lat' dir='ltr'><strong>conform.</strong></span> 
     </span>
     <span class='ocr_line' id='line_1_40' title="bbox 183 4386 291 4444; baseline 0.037 -4"><span class='ocrx_word' id='word_1_339' title='bbox 183 4386 230 4443; x_wconf 87' lang='lat' dir='ltr'><strong>fin.</strong></span> <span class='ocrx_word' id='word_1_340' title='bbox 252 4394 291 4444; x_wconf 85' lang='grc'><strong>18.</strong></span> 
     </span>
    </p>

    <p class='ocr_par' dir='ltr' id='par_1_8' title="bbox 255 4471 842 4541">
     <span class='ocr_line' id='line_1_41' title="bbox 255 4471 842 4541; baseline -0.003 -14"><span class='ocrx_word' id='word_1_341' title='bbox 255 4478 274 4541; x_wconf 68' lang='grc'><strong>8)</strong></span> <span class='ocrx_word' id='word_1_342' title='bbox 294 4473 362 4527; x_wconf 81' lang='lat' dir='ltr'><strong>Ficli</strong></span> <span class='ocrx_word' id='word_1_343' title='bbox 381 4473 413 4531; x_wconf 84' lang='lat' dir='ltr'><strong>ll.</strong></span> <span class='ocrx_word' id='word_1_344' title='bbox 434 4471 472 4524; x_wconf 83' lang='lat' dir='ltr'><strong>xl</strong></span> <span class='ocrx_word' id='word_1_345' title='bbox 492 4490 543 4540; x_wconf 79' lang='lat' dir='ltr'><strong>sq.;</strong></span> <span class='ocrx_word' id='word_1_346' title='bbox 562 4488 588 4540; x_wconf 89' lang='lat' dir='ltr'><strong>p.</strong></span> <span class='ocrx_word' id='word_1_347' title='bbox 609 4479 656 4527; x_wconf 77' lang='lat'><strong>‘231</strong></span> <span class='ocrx_word' id='word_1_348' title='bbox 678 4472 714 4527; x_wconf 81' lang='lat' dir='ltr'><strong>sd</strong></span> <span class='ocrx_word' id='word_1_349' title='bbox 733 4480 764 4527; x_wconf 86' lang='grc' dir='ltr'><strong>ΙΙ</strong></span> <span class='ocrx_word' id='word_1_350' title='bbox 784 4480 842 4528; x_wconf 73' lang='lat' dir='ltr'><strong>oto.</strong></span> 
     </span>
    </p>
   </div>
   <div class='ocr_carea' id='block_1_4' title="bbox 0 0 1474 5026">
    <p class='ocr_par' dir='ltr' id='par_1_9' title="bbox 0 0 1474 5026">
     <span class='ocr_line' id='line_1_42' title="bbox 0 0 1474 5026; baseline 0 0"><span class='ocrx_word' id='word_1_351' title='bbox 0 0 1474 5026; x_wconf 95' lang='lat' dir='ltr'><strong> </strong></span> 
     </span>
    </p>
   </div>
  </div>
 </body>
</html>
