2940 5026
687 188 924 254 -120-

294 381 342 445 12.
367 379 478 461 Siepll.
496 379 576 463 Byz.
594 399 619 444 S.
636 400 667 447 v.
685 380 807 446 sovrei·
833 377 922 456 πόλις
944 378 1150 463 Πιρραιβιάς
1174 375 1238 442 αἰιό
1262 378 1405 454 Γουνέως

204 491 362 570 κληθεῖσα
396 483 467 568 (qui
506 483 539 548 in
579 483 712 550 navium
746 484 897 566 catalogo
933 483 999 550 dux
1031 488 1083 548 est
1112 482 1280 567 Λίνιὴνων
1313 509 1404 563 μενε-

205 589 371 671 πτολὲμων
395 615 428 653 τε
451 592 627 673 Περαιβαῖν
651 593 681 653 Β
697 587 785 673 749).
811 586 827 654 ὃ
852 590 985 674 πολίτης
1002 592 1033 654 Γ
1030 588 1135 666 οὐνιος
1157 589 1213 653 καί
1239 591 1273 653 Γ
1270 590 1362 652 οιινιά
1387 588 1403 674 ἡ

204 693 280 781 γυνὴ
297 695 352 759 καί
376 692 394 779 ἦ
418 692 522 777 χώρα,
546 692 708 780 γράφεται
729 695 764 757 δὲ
786 694 841 757 καί
855 693 955 778 χωρίς
979 698 1036 758 roi·
1052 712 1079 756 ο·
1106 689 1179 769 τοιίς
1204 694 1239 758 δὲ
1257 699 1405 777 Περραι-

204 795 284 881 βοὺς
299 801 434 874 Αἰολεῖς
457 795 551 875 ὄντας
577 796 615 862 τὰ
633 796 791 884 σιἰμιριονα
813 802 945 864 διπλοῦν
967 799 1023 863 καί
1038 794 1247 880 Περραιβοὺς
1271 803 1404 862 καλοῦν-

205 932 263 982 τας
291 901 426 980 {euroin
449 903 505 967 καί
535 902 652 968 Γόννον
683 900 736 967 διὰ
769 902 825 968 δύο
860 929 895 970 νν
919 901 978 988 τὴν
1014 902 1115 968 πόλιν·
1151 901 1248 987 ydria
1282 899 1346 986 γὰρ
1378 904 1404 968 οἱ

205 1013 338 1086 Αἰολεῖς
369 1005 409 1073 τὰ
432 1007 552 1093 γόνοιο
582 1006 682 1090 (quod
707 1008 749 1073 ad
773 1007 862 1074 urbis
885 1027 1002 1074 nomen
1026 1007 1268 1089 expediendum
1295 1006 1405 1071 fiotum

205 1112 371 1199 arbitror).
427 1111 462 1179 τὸ
504 1111 630 1179 ἐθνικὸν
669 1114 724 1177 καί
768 1117 910 1190 Γονατᾶς
949 1111 1075 1196 (notum
1116 1111 1204 1194 regis
1246 1109 1406 1193 Antigoni

205 1219 399 1305 cognomen)
423 1220 439 1286 o
464 1221 519 1285 καί
541 1220 726 1304 παράλογον
750 1216 881 1284 ororii
904 1218 996 1285 τόνον
1018 1219 1074 1283 καί
1101 1220 1128 1282 Γ
1124 1216 1236 1294 ὀννιος.
1277 1215 1407 1281 Nomini

207 1329 238 1391 Γ
235 1324 342 1402 οονεύς
364 1329 395 1390 Β
418 1326 481 1391 748
511 1325 689 1406 respondet
719 1329 750 1390 Γ
747 1323 834 1401 ονεύς
865 1322 966 1389 CIGI'.
991 1324 1086 1388 2776.
1131 1322 1260 1398 Γοῦνιος
1289 1325 1322 1386 Γ
1319 1323 1407 1406 ουνιή

206 1427 340 1513 (Γοννιά
367 1427 496 1515 Steph.)
531 1448 572 1494 ex
602 1428 693 1511 epieo
725 1427 895 1510 deperdito
927 1431 985 1492 aul
1012 1445 1031 1491 e
1061 1425 1187 1492 novicio
1218 1432 1324 1506 poeta
1355 1425 1408 1506 qui

205 1539 353 1601 veterum
377 1533 519 1617 vestigia
540 1533 623 1615 legit
645 1533 827 1615 desumpta.
863 1529 910 1597 Cf.
926 1530 1094 1597 Prellwitu
1118 1529 1172 1615 (de
1196 1529 1287 1595 diall.
1304 1531 1406 1596 thess.

206 1639 279 1725 29),
318 1639 372 1720 qui
406 1645 516 1705 tamon
550 1638 684 1704 thessal.
717 1641 747 1702 Γ
745 1636 830 1702 ὁννοι
862 1637 893 1700 Γ
890 1659 1003 1700 οννειον
1038 1634 1129 1718 (ibid.
1150 1633 1216 1720 ol)
1255 1637 1283 1699 Γ
1278 1632 1408 1722 ]οννειος

205 1745 289 1830 (BB.
313 1744 382 1810 XII
415 1747 476 1811 loo
507 1763 555 1810 nr.
585 1745 642 1825 20,
672 1744 706 1829 i)
742 1760 914 1825 perperam
946 1767 980 1806 νν
1010 1759 1051 1806 ex
1082 1761 1115 1823 of
1145 1744 1252 1805 orium
1284 1740 1408 1806 hahere

205 1852 318 1931 putat3
352 1848 449 1915 immo
472 1875 507 1914 νν
533 1848 629 1915 huius
657 1848 746 1916 voeis
770 1848 909 1914 debetur
936 1844 1147 1928 geminationi
1169 1843 1216 1909 illi
1239 1843 1274 1910 in
1303 1845 1407 1929 hypo-

205 1953 396 2038 coristiois1)
420 1952 704 2034 frequentissimae
728 1953 768 2018 de
792 1971 857 2033 qua
880 1951 919 2017 of.
940 1951 1011 2033 ipse
1032 1949 1200 2016 Prellwitz
1222 1951 1277 2015 35.
1300 1950 1408 2015 „Adde

205 2057 389 2140 Apollinem
414 2057 552 2124 Κύννιον
575 2058 616 2123 de
639 2076 702 2138 quo
725 2056 765 2122 ol.
786 2057 897 2122 Maass
920 2055 1028 2122 Anall.
1045 2054 1259 2121 Eratosthen.
1286 2056 1352 2120 122
1378 2062 1409 2121 et

206 2163 388 2249 Πριόνησος
411 2167 562 2246 Πρῶννοι
585 2162 682 2227 BCH.
707 2162 773 2227 VII
797 2159 912 2246 (1883)
937 2162 1009 2226 195.
1035 2159 1172 2226 Boohtol
1195 2159 1324 2226 Insohr.
1352 2160 1407 2227 dos

201 2256 268 2355 jon.
293 2267 378 2335 Dial.
402 2267 445 2334 ad
468 2286 517 2333 nr.
544 2269 594 2350 19,
618 2269 692 2333 442.

292 2391 403 2477 γουνὸς
427 2389 532 2478 ἀλωῆς
563 2389 697 2475 (quater
723 2389 811 2472 apud
834 2389 1027 2475 Homerum)
1057 2390 1121 2456 huo
1151 2388 1312 2455 traxerim
1345 2389 1404 2455 ool·

204 2498 273 2562 lato
297 2496 463 2562 Γονόεσσο
486 2502 517 2562 Β
532 2498 606 2562 573.
648 2494 698 2561 De
721 2494 860 2561 nominis
883 2512 981 2560 sensu
1005 2493 1044 2560 el.
1067 2494 1205 2560 Oeorum
1229 2499 1406 2581 Ποιῆσσον

205 2619 230 2666 S.
256 2599 430 2666 Ποιῖισοαν
463 2599 601 2666 Beohtel
630 2599 651 2664 l.
682 2599 704 2664 l.
735 2618 784 2665 111.
812 2602 852 2664 47
885 2597 988 2665 simin.
1034 2598 1188 2665 Formam
1224 2597 1406 2665 Γονόεσσαν

205 2723 263 2770 σοι
290 2723 369 2772 vere
390 2704 529 2770 ionicam
551 2722 658 2785 neque
688 2701 892 2769 extrinsecus
914 2700 1081 2768 inductam
1108 2701 1289 2769 iudicemus
1317 2704 1405 2770 nulle

205 2815 257 2875 est
286 2827 395 2875 eausa.
418 2852 419 2859 ι
446 2807 580 2892 Origine
609 2826 675 2874 non
708 2806 809 2874 inerit-
838 2805 970 2874 dinemo
1000 2809 1042 2874 ab
1073 2807 1162 2874 urhis
1193 2808 1405 2877 Thessalicae

206 2932 345 2980 nomme.

205 3154 274 3210 nihil
293 3162 343 3210 eut
360 3170 458 3224 parum
476 3153 541 3210 fidei
559 3169 618 3210 esse
636 3153 752 3209 videtur.
774 3184 803 3192 —
824 3153 937 3222 Longae
950 3154 1053 3211 uocalis
1071 3172 1154 3225 quum
1168 3156 1305 3212 vocabulo
1325 3163 1406 3231 ἤριον

204 3241 374 3298 reddidimus
391 3243 551 3297 memoriam
565 3241 641 3296 haud
659 3242 714 3295 ecio
734 3257 770 3296 an
788 3244 940 3310 servaverit
958 3245 1100 3319 «opinioei
1115 3244 1263 3299 Simonidis
1284 3245 1406 3313 (Lobeoh

204 3330 293 3384 Elem.
312 3329 325 3382 1
344 3334 403 3383 80⁴.
441 3328 542 3387 Simon.
566 3328 646 3396 frgm.
672 3329 787 3398 2³5B⁴.)
806 3356 839 3375 =
859 3335 1004 3406 ἐριουργοι
1032 3330 1104 3402 quod
1132 3332 1237 3387 aeolice
1264 3348 1300 3387 ex
1331 3334 1406 3405 ’ἠρι-

204 3419 288 3471 πόλοι
308 3418 350 3485 (-.·
371 3418 546 3492 ’ἤριοιιόλοα
573 3416 608 3473 of.
629 3417 759 3494 Θέιλωρος
784 3418 885 3473 similia
904 3426 931 3472 et
950 3415 1061 3473 Osthod
1076 3418 1160 3472 Verb.
1179 3419 1195 3472 i
1217 3418 1242 3474 d.
1264 3417 1407 3474 Nominal·

204 3519 322 3572 compos.
342 3509 389 3557 201
417 3505 485 3573 nol.)
508 3511 604 3558 nutum
632 3518 691 3558 esee
718 3507 842 3572 suspicor
869 3505 977 3561 collatis
1002 3507 1139 3567 Αιοιοδος
1166 3511 1285 3575 ολμισος
1309 3507 1407 3576 quibua

205 3589 299 3646 forsan
318 3589 406 3645 simile
424 3590 460 3644 eit
479 3591 595 3645 Aesiono
614 3589 648 3646 de
666 3606 721 3659 qua
739 3592 856 3647 nominis
868 3595 981 3660 Ἡσιόνη
1002 3593 1093 3648 forma
1111 3611 1135 3648 u.
1150 3593 1304 3649 Buecheler
1322 3593 1406 3648 Rom

205 3678 311 3733 XXVII
339 3683 399 3734 lio.
435 3681 493 3733 Ait.
522 3679 618 3753 ἐρεοῦς
645 3677 841 3746 (Meisterhans
863 3686 909 3735 lli
939 3689 995 3736 not.
1018 3682 1094 3751 1065)
1113 3697 1148 3736 ex
1167 3683 1291 3753 ’ἐρειοῡς
1309 3683 1408 3752 opinor

204 3773 359 3833 correptum
379 3763 523 3821 deseendit
540 3782 558 3821 a
576 3766 686 3821 nomine
710 3766 827 3835 quodam
853 3769 959 3841 ’ἐριῑον
982 3770 1048 3824 lana
1072 3769 1146 3838 quod
1170 3769 1206 3824 eh
1231 3770 1312 3826 initio
1339 3771 1407 3826 nihil

205 3852 281 3907 eliud
299 3853 384 3910 fuerit
403 3869 485 3923 quam
509 3861 636 3907 neutrum
664 3852 790 3908 adiectiri
812 3856 918 3929 *λριιος
943 3872 961 3911 a
986 3856 1158 3912 substantivo
1184 3857 1256 3926 ’ἔρις
1283 3858 1406 3926 legitime

205 3941 322 3997 derivati
349 3941 393 4010 (ei.
416 3940 508 4003 Ἠλιςι
536 3944 653 4010 Ἤλανος
681 3942 764 3996 etiem
791 3942 822 3997 sl.
840 3944 938 4013 jarina
963 3945 1056 3999 Wolle
1080 3961 1097 3999 e
1121 3945 1231 3999 nomine
1251 3945 1405 4013 proiectum

204 4029 330 4084 lituenioi
349 4041 409 4084 erae
428 4029 575 4101 simillimo,
593 4033 694 4103 jari-ci
712 4031 792 4085 Book,
810 4029 934 4086 Schmidt
952 4030 1115 4086 Pluralbild.
1138 4032 1205 4097 113).
1227 4062 1257 4070 -
1279 4033 1407 4087 Philotae

205 4118 247 4189 ἔρι
267 4114 385 4186 denique
402 4114 505 4187 fiotum,
523 4135 576 4173 non
599 4127 695 4189 sponte
714 4127 810 4174 natum
830 4126 924 4175 censet
942 4118 1053 4173 hoheolr
1072 4119 1159 4172 Elem.
1179 4119 1208 4172 Il
1226 4124 1288 4173 294.

277 4219 297 4287 ¹)
314 4220 419 4274 Nomen
438 4228 609 4278 contractum
637 4238 671 4278 ex
698 4223 821 4292 pleniore
850 4225 992 4279 surisoda
1018 4238 1040 4279 ιι.
1065 4223 1225 4290 severiorum
1253 4222 1287 4276 ci.
1312 4222 1407 4294 Steph.

204 4308 270 4377 Byz.
288 4323 309 4361 s.
328 4323 352 4363 v.
371 4309 554 4378 Γον(ν)οὔσοα
583 4325 643 4367 oum
668 4310 799 4368 Meiuehii
824 4315 902 4366 noia:
931 4311 1085 4366 ‘Gonnussa
1111 4325 1165 4365 uon
1190 4309 1301 4366 diversa
1328 4319 1407 4366 este

204 4395 310 4452 Gonu0.
352 4393 466 4455 Tzoides
495 4396 531 4453 od
562 4399 698 4471 Lycophr,
730 4404 780 4453 906
812 4401 916 4461 Γόννος
947 4401 962 4467 ἡ
991 4402 1130 4470 λεγομένῃ
1162 4403 1185 4452 Γ
1184 4399 1293 4453 ονοῦσα
1324 4404 1406 4462 πόλις

204 4482 400 4558 Περραιβίας]
