2940 5026
572 174 786 239 ..39-

75 365 135 433 Dis
169 365 282 448 placet
315 363 619 432 demonstravimus.
666 362 772 429 Aliter
806 364 924 430 statuit
952 365 1062 430 Rzacb
1094 364 1194 449 (Dial.
1219 368 1277 435 des

73 471 210 538 Hesiod.
234 469 314 556 364)
345 469 502 550 deceptus
531 466 616 532 falsa
638 467 803 533 fallacium
827 467 1049 549 exemplorum
1081 467 1277 550 interpreta-

74 578 164 644 tione
187 595 274 659 quae
296 582 376 642 tunc
398 574 486 657 apud
510 573 635 654 aliquot
657 572 745 639 viros
769 573 881 637 doctos
905 571 1073 638 obtinebat
1097 579 1131 638 et
1161 578 1278 655 postea

73 688 246 749 strenuum
289 680 541 763 antesignanum
583 683 704 744 nancta
747 683 798 743 est
840 677 881 742 de
919 677 1144 744 Saussum'um:
1196 681 1277 765 „Die

72 788 191 870 binga
220 786 266 851 ist
294 804 358 852 nur
387 803 447 852 aue
477 784 551 850 dem
582 784 763 848 Bestreben
791 782 850 848 der
872 781 1097 864 griechischen
1121 783 1275 866 Sprache,

71 894 175 959 knrae
208 890 320 959 Silben
353 890 387 956 in
421 890 481 955 der
514 889 607 954 Ndhe
646 875 786 953 anderen
820 888 954 953 Kdrzen
988 907 1028 952 zu
1062 887 1200 971 ldugen,
1235 908 1276 956 zu

72 997 246 1076 erkldrem
290 996 356 1078 vgl.
402 994 534 1061 Curtius
579 993 761 1059 ΕυΙὲὶσοου.2
808 993 901 1059 115“.
962 993 1158 1060 Huiusmodi
1202 1014 1274 1075 pro-

72 1101 262 1168 ductionum
285 1101 319 1166 in
342 1119 463 1184 graeca
485 1100 599 1183 lingua
621 1104 712 1165 certa
743 1099 893 1181 exempla
924 1117 1008 1180 quae
1039 1117 1111 1164 cum
1138 1095 1276 1181 ἓύκομος

72 1213 165 1274 recta
188 1212 421 1288 comparentur
441 1205 583 1272 inveniri
604 1205 695 1271 nulla
717 1205 804 1270 infra
827 1205 959 1270 docebo.

162 1312 202 1378 In
217 1311 451 1394 compositione
474 1310 582 1376 solent
597 1310 717 1376 Graeci
732 1309 835 1391 ipsius
852 1310 1051 1377 substantivi
1069 1309 1205 1377 formam
1228 1311 1275 1376 iu·

78 1423 261 1498 comptam
285 1415 450 1498 adbibere,
481 1433 546 1481 non
570 1413 767 1480 adiectivum
798 1433 819 1479 a
848 1413 1055 1480 substantivo
1079 1414 1274 1498 derivatum,
1348 1402 1349 1405 ¹

80 1519 207 1586 edumei
235 1520 345 1588 sensui
373 1519 571 1587 adiectiuum
594 1537 698 1599 aeque
721 1519 802 1584 satis
824 1518 960 1584 faceret.
999 1519 1100 1584 Velut
1122 1520 1276 1587 dixerunt

76 1626 282 1714 ἱππόμυρφος
304 1626 401 1692 Plato
424 1625 565 1692 Phaedr.
590 1628 653 1692 253
663 1644 689 1708 c,
717 1644 782 1692 non
807 1626 1044 1712 ἱππιὸμορφοςς
1075 1627 1272 1711 ἱππόμαχος,

73 1749 138 1798 non
163 1732 381 1816 ἱππο·όμαχος,·
405 1730 518 1796 itidem
533 1730 809 1815 χαλκοπρόσωπος
824 1732 1054 1821 χαλκόσρῳρος
1069 1733 1274 1818 χρυσόκερως

71 1838 318 1925 χρυσοκέφαλος
348 1836 547 1922 χρυσόζυχος
576 1836 765 1921 χρυσοκόμη
800 1837 1021 1923 χρυσόλοχχος
1051 1838 1171 1919 sitnm,
1207 1857 1273 1905 n0n

71 1949 183 2009 tamen
205 1941 342 2028 χολκεὸ-
360 1938 445 2025 (sive
460 1940 609 2024 χαλκού-)
633 1966 768 2028 πρῳρος,
792 1967 929 2024 χρυσεο-
954 1942 995 2026 (s.
1009 1946 1164 2026 χρυσου)
1188 1943 1272 2029 κόμη

71 2052 149 2112 cett
197 2046 249 2112 Ab
271 2047 334 2112 bne
355 2046 430 2127 lege
453 2063 536 2126 quae
559 2045 718 2110 recedant
740 2046 828 2126 apud
858 2047 978 2126 probos
1008 2047 1184 2129 scriptores
1207 2068 1272 2114 non

71 2151 204 2218 invenio
227 2149 290 2216 nisi
321 2151 408 2232 apud
438 2154 554 2231 poetas
584 2169 720 2230 quorum
748 2150 839 2230 quasi
868 2150 1004 2232 signiter
1033 2156 1071 2216 ut
1098 2152 1132 2217 in
1161 2153 1272 2219 multis

71 2255 145 2322 aliis
167 2255 217 2322 ita
238 2255 272 2321 in
295 2255 357 2321 bac
377 2273 562 2336 quoquere
584 2253 747 2320 Homerus
770 2253 841 2335 init,
865 2255 920 2334 qui
939 2255 1040 2320 babet
1063 2256 1272 2343 ἱππιοχπίπης

71 2367 103 2425 Ζ
121 2363 202 2442 469;
228 2361 450 2445 ἱππιοχάρμης
472 2361 504 2424 Ω
527 2361 600 2424 257.
625 2359 738 2440 λ259;
762 2358 992 2444 χυλκεοθῶρηξ
1016 2367 1047 2425 Δ
1065 2363 1139 2425 448.
1167 2365 1268 2445 Θὸἳς

69 2465 298 2550 χυλκεὸφωυος
336 2468 365 2530 Ε
399 2466 471 2530 785.
526 2464 573 2530 Of.
608 2464 708 2529 etiam
745 2465 971 2550 χρυσεοπήληξ
1005 2465 1036 2529 h.
1070 2465 1102 2529 h.
1137 2467 1203 2531 VII
1239 2470 1266 2531 1.

67 2569 161 2636 Ηοοο
191 2569 299 2635 omnia
329 2590 350 2634 a
379 2573 478 2651 poeta
508 2573 612 2634 metro
643 2568 809 2635 serviente
841 2568 1008 2651 proposito
1039 2575 1164 2636 novata
1194 2590 1267 2638 esse

67 2673 228 2754 existimo,
252 2673 403 2754 quicum
428 2672 485 2739 τὸν
502 2675 600 2737 ἵππου
622 2675 742 2758 χαίτην
765 2675 881 2758 ἔχοντα
906 2695 926 2738 a
949 2674 1108 2740 sermonis
1132 2695 1265 2742 consue-

66 2777 180 2843 tudine
204 2778 403 2864 ἱπποχπίπηυ
425 2777 564 2845 vocitari
587 2778 731 2860 videret,
763 2777 859 2844 facile
887 2797 926 2844 eo
950 2779 1066 2845 deduci
1090 2799 1125 2846 se
1148 2800 1266 2862 passus

42 2886 134 2977 lest,
165 2887 204 2948 ut
227 2880 282 2950 τὸν
305 2885 418 2969 ἱπποήυ
439 2885 557 2968 χαίτην
588 2884 715 2968 ἔχοντα,
752 2881 808 2949 τὸν
829 2883 965 2967 χάλκεον
989 2881 1123 2970 θώρηκα
1148 2887 1264 2970 ἔχοντα

64 2987 155 3053 hand
188 2987 299 3069 inepte
323 2988 422 3054 etiam
455 2989 676 3073 ἱππιοχαίτην,
707 2987 960 3073 χαλκεοθώρηκα
985 2987 1048 3054 dici
1078 3008 1175 3070 posse
1206 2990 1266 3057 sibi

65 3092 292 3173 persuaderet.
339 3094 494 3160 Deseruit
520 3093 553 3159 in
584 3095 646 3160 bac
669 3112 705 3158 re
735 3112 814 3158 usus
843 3112 990 3158 normam
1019 3077 1118 3174 atoue
1148 3095 1263 3177 legem

65 3199 107 3263 ob
136 3198 222 3264 hanc
252 3201 354 3266 solam
386 3219 534 3283 causam,
567 3200 643 3282 quia
673 3199 834 3267 vocabula
864 3208 954 3264 recte
981 3199 1122 3264 formata
1149 3219 1265 3273 versus

64 3322 130 3369 non
166 3303 379 3386 admittebat;
422 3303 486 3371 alio
520 3311 625 3371 metro
664 3304 719 3386 qui
754 3308 908 3386 utuntur,
947 3304 1068 3385 partim
1101 3304 1265 3387 legitimas
1380 3310 1385 3321 '

63 3406 188 3474 formas
226 3408 447 3489 retinuerunt,
491 3409 584 3476 velut
620 3409 784 3476 Pindarus
824 3409 1035 3494 ἱπποχάρμπς
1062 3410 1123 3476 'Ob
1160 3410 1176 3474 I
1210 3412 1263 3490 23,

64 3512 242 3595 Sophocles
264 3511 479 3596 χαλκοθώρπξ
503 3512 553 3578 Ai.
581 3516 652 3579 179.
687 3514 890 3597 eramqnam
915 3518 1033 3595 poetae
1057 3513 1264 3594 quiquidem

63 3617 207 3683 Homero
230 3616 431 3683 recentiores
455 3617 586 3683 suntin
609 3619 671 3683 hac
701 3637 737 3683 re
765 3637 864 3700 saepe
888 3637 952 3684 non
983 3623 1051 3684 tam
1074 3617 1264 3684 necessitati

62 3728 262 3804 paruerunt,
295 3741 392 3803 quam
415 3741 531 3788 versus
556 3723 756 3789 commodum
780 3726 990 3804 spectabant,
1015 3723 1127 3789 formis
1150 3722 1261 3804 ampli·

60 3827 169 3895 ficetis
192 3828 245 3894 vel
270 3828 352 3893 citra
375 3826 605 3893 necessitatem
636 3827 678 3893 ad
709 3828 843 3894 Homeri
874 3829 1056 3910 exemplum
1085 3827 1261 3893 accersitis.

62 3935 149 4018 Quin
172 3934 268 4000 immo
291 3933 464 3999 hincinde
487 3937 602 3999 contra
631 3933 727 3999 buius
757 3933 1016 4015 amplificationis
1046 3939 1197 4000 naturam
1230 3940 1264 4000 et

61 4037 221 4121 originem
252 4037 334 4103 adeo
365 4055 502 4118 peccare
533 4037 775 4119 sustinuerunt,
807 4043 844 4104 ut
873 4039 1149 4125 χροπεοκόλληπος
1182 4067 1261 4126 χρο-

61 4143 250 4218 σεότευκτος
280 4142 514 4227 χαλκεοτὲχυης
544 4141 699 4224 (Quintus
724 4142 792 4226 all.)
817 4148 1046 4223 procrearent,
1082 4144 1115 4210 in
1147 4144 1262 4225 quibus

58 4262 159 4355 harum
186 4262 335 4352 formarum
361 4298 525 4352 mentionem
552 4298 617 4353 feeit
641 4297 692 4351 sibi
717 4299 775 4365 ipse
795 4316 847 4352 nou
867 4315 975 4368 semper
993 4309 1124 4356 constans
1145 4301 1261 4355 Metrik²

59 4392 101 4443 24.
133 4384 204 4443 11.1
231 4391 289 4439 115.
320 4384 347 4438 11
368 4389 425 4442 itt.
457 4384 522 4439 Sittl
542 4385 642 4440 Philol.
662 4391 703 4452 43,
724 4392 757 4438 20
777 4393 832 4440 not.
852 4392 893 4444 65.
923 4386 1041 4443 Dubitat
1060 4388 1184 4443 Froehde
1203 4388 1258 4444 BB.

58 4473 124 4528 xtv
143 4478 177 4527 84
195 4472 274 4527 cuine
291 4472 458 4543 etymologia
477 4473 543 4528 mibi
563 4467 674 4528 minime
691 4473 833 4542 probatur.
