2956 5040
580 271 818 336 —259-

185 457 279 541 Quod
302 476 374 523 curn
402 460 503 540 probe
530 459 748 527 intellexisset
770 461 809 527 G.
834 462 948 544 Meyer
972 461 999 547 (²
1023 462 1042 548 ξ
1066 464 1128 528 888
1160 482 1190 544 p.
1215 464 1293 549 280)

94 562 239 644 liquidae
269 562 334 630 vim
357 563 391 628 in
419 569 532 646 partes
556 566 703 648 vocavit,
736 586 833 647 quam
856 572 966 633 tamen
989 586 1155 648 nunquam
1179 586 1296 649 perse

95 667 343 749 productionem
366 669 528 751 effecisse,
560 671 619 735 aed
647 673 751 738 solum
781 672 987 754 productioni
1014 672 1086 739 aliis
1117 673 1158 738 de
1189 673 1296 738 causis

95 771 263 837 adhibitae
286 773 501 853 praedatoris
525 775 676 839 consonis
691 775 805 843 favere
829 776 960 858 saepius
981 776 1103 859 monui;
1128 777 1296 842 metricam

95 875 342 957 productionem
365 883 456 943 recte
472 884 656 960 agnoscunt
672 880 852 946 Buttmann
869 879 936 965 (Π2
960 900 991 962 p.
1011 883 1072 946 182
1088 886 1155 946 not.
1172 882 1243 947 coll.
1260 882 1278 947 I
1284 882 1296 919 ⁹

95 999 127 1061 p.
150 980 229 1065 418)
254 980 411 1047 Kuehner
435 981 481 1067 (1²
504 980 523 1069 ξ
547 984 612 1049 200
641 1002 673 1048 n.
698 986 717 1049 8
748 1005 779 1067 p.
803 984 882 1069 510)
906 983 983 1050 Sitti
1007 984 1137 1070 (Philol.
1160 989 1213 1068 43,
1238 987 1295 1072 21)

94 1083 178 1148 libck
205 1083 321 1167 Smyth
349 1084 497 1171 (Diphtb.
523 1091 573 1152 EI
599 1106 631 1169 p.
656 1088 711 1174 67)
743 1109 880 1170 quorum
910 1090 1095 1156 sententiae
1125 1092 1190 1157 iam
1220 1091 1297 1157 inde

96 1190 335 1271 aliquantillum
352 1192 479 1258 accedit
493 1192 734 1275 probabilitatis
757 1195 886 1275 quoda
910 1194 944 1260 in
966 1195 1053 1261 thesi
1072 1215 1137 1262 non
1159 1196 1295 1279 legr‘tur:

96 1296 278 1380 ε’ληλουθῶς
308 1301 334 1364 Ο
359 1299 410 1362 81.
447 1295 637 1384 ἀπελήλυθα
661 1301 692 1364 Ω
719 1302 783 1365 766
805 1332 838 1360 >
863 1328 888 1364 ω
911 1302 976 1366 310
1000 1299 1054 1385 (cf.
1079 1305 1194 1366 6011118
1218 1300 1296 1388 ήλή-

96 1408 176 1464 λατο
193 1402 325 1487 Elbo).
360 1402 565 1485 Quamquam
587 1402 663 1467 huic
685 1402 734 1467 rei
755 1403 844 1469 baud
858 1402 907 1468 ita
929 1402 1066 1469 multum
1088 1403 1319 1470 tribuendum.
1355 1390 1358 1395 ’

96 1523 169 1570 esse
192 1505 262 1586 ipsc
286 1525 350 1571 non
373 1506 498 1589 ignoro.

184 1610 288 1676 Extat
312 1612 486 1700 εἰλήλουθα
509 1612 543 1678 in
565 1613 630 1679 fine
656 1614 770 1678 E‘204.
798 1619 828 1678 Φ
847 1616 886 1678 81
904 1645 927 1669 =
944 1614 1015 1679 156.
1040 1616 1072 1678 Ω
1094 1616 1168 1680 460.
1194 1643 1216 1679 α
1234 1616 1293 1680 131

95 1713 152 1799 (cf.
178 1741 194 1779 α
216 1716 284 1802 oa).
310 1745 328 1783 τ
350 1717 462 1804 olor)
640 1697 647 1713 ‘

185 1821 377 1907 εἰλήλουθας
400 1823 433 1887 in
456 1823 520 1889 fine
544 1830 580 1890 A
595 1825 669 1888 202.
694 1829 726 1888 Ζ
750 1825 821 1888 128.
846 1824 920 1889 254.
949 1825 982 1887 Ψ
997 1824 1048 1888 94.
1074 1850 1089 1888 ε
1113 1825 1163 1889 87.
1188 1852 1200 1888 ι
1222 1826 1295 1891 273.

94 1950 113 1989 ν
136 1926 210 1990 237.
237 1953 253 1989 ο
276 1927 329 1991 42.
353 1954 376 2011 χ
398 1929 450 1992 45.
476 1954 501 1991 ω
524 1929 598 1992 300.

184 2029 370 2115 εἰλήλουθεν
385 2029 499 2095 11111118
519 2035 545 2097 Ο
564 2032 634 2096 131.
652 2058 671 2116 y
686 2033 759 2095 318.
786 2060 806 2095 n
823 2033 884 2096 337
904 2031 973 2116 (all.
990 2035 1023 2097 ἐκ
1040 2032 1153 2098 Πύλου
1171 2026 1295 2118 ήλθεν).

95 2162 115 2218 η
141 2135 214 2198 199.

183 2236 395 2323 εἰλήλουθμεν
416 2236 450 2302 in
472 2238 539 2302 fine
565 2243 585 2303 I
603 2239 656 2303 49.
680 2265 700 2324 y
723 2242 774 2304 81.

185 2339 379 2428 εἰληλουθώς
401 2339 434 2405 in
457 2341 522 2405 fine
547 2367 564 2404 τ
589 2342 640 2405 28.
666 2371 684 2406 υ
707 2345 781 2408 360.

184 2446 365 2532 εἰληλούθει
395 2446 428 2510 ill
458 2445 523 2510 fine
546 2450 578 2510 A
600 2447 674 2511 520.
707 2451 736 2510 Ε
756 2449 809 2511 44.
842 2454 878 2513 Λ
901 2450 974 2514 230.
1008 2454 1043 2514 Ν
1064 2451 1137 2514 364.
1173 2454 1202 2513 Ρ
1220 2452 1294 2517 350.

101 2556 130 2614 Υ
148 2554 212 2618 481)
246 2570 328 2631 quas
356 2549 668 2632 plusquamperfecti
698 2550 820 2617 formas
854 2572 906 2618 mc
936 2558 1026 2618 recte
1059 2553 1123 2619 huo
1154 2554 1296 2620 traxisse

94 2656 168 2737 ipsa
197 2655 321 2723 vocalis
346 2681 374 2720 ει
403 2654 483 2740 (non
509 2655 542 2740 ή)
570 2654 729 2737 patefacit
752 2661 786 2720 et
814 2661 970 2722 constans
993 2655 1193 2724 Graecitatis
1217 2678 1296 2725 usus

94 2759 150 2840 qui
173 2759 493 2842 plusquamperfecto
516 2760 613 2826 huius
636 2759 730 2827 verbi
751 2765 962 2843 augmentum
986 2761 1208 2848 denegarim

182 2882 221 2947 In
256 2881 370 2947 mediis
405 2882 554 2950 versibus
587 2882 800 2949 inveniuntur
833 2902 898 2949 non
932 2883 996 2949 nisi
1032 2884 1206 2970 εἰλήλουθα
1241 2889 1296 2953 καί

97 2984 191 3064 αὐτὸς
214 2987 331 3067 ν251,
365 2987 532 3072 εἰλήλουθε
557 2988 685 3068 συβῶτα
714 3018 732 3053 υ
758 2991 836 3070 191;
872 2993 1032 3055 caverunt
1054 2989 1154 3072 igitur
1176 2998 1295 3073 poetae

94 3110 136 3156 ne
161 3090 353 3176 εἰλήλουθας
378 3091 559 3176 εἰληλούθει
589 3091 653 3156 alio
684 3091 754 3156 loco
786 3108 881 3170 quarn
906 3090 939 3156 in
969 3110 1125 3159 versuum
1149 3095 1296 3162 clausula

94 3195 304 3260 adhiberent:
330 3213 393 3274 quo
416 3194 539 3259 factum
556 3199 593 3259 ut
608 3195 696 3276 apud
712 3194 890 3259 Homerum
914 3193 1038 3261 frustra
1055 3197 1295 3282 circumspicias

95 3300 245 3381 exempla
274 3318 359 3379 quae
390 3299 539 3366 versibus
569 3298 682 3382 Quinti
704 3297 877 3381 Smyrnaei
909 3299 991 3363 VIII
1023 3302 1084 3365 138
1117 3305 1164 3380 εἰς
1196 3305 1296 3370 αόθευ

96 3403 288 3489 εἰλήλουθας
313 3404 325 3492 ΙΙ
343 3445 432 3483 υ-ψ-
446 3414 512 3472 κτλ.
536 3405 569 3470 Χ
585 3408 648 3471 308
673 3405 865 3491 εἰληλοὺθας
890 3401 903 3490 Η
920 3427 1000 3470 ww
1022 3414 1087 3471 κτλ.
1112 3411 1296 3490 comparari
1377 3418 1383 3431 ‘

95 3507 232 3588 possint.
1289 3529 1292 3538 ’

180 3612 232 3677 Ab
271 3613 384 3679 eadem
423 3614 533 3680 radice
578 3613 779 3678 descendere
816 3610 880 3677 iam
922 3616 1054 3679 veteres
1092 3617 1296 3697 grammatici

92 3716 264 3797 putabant,
273 3718 299 3801 ³)
328 3722 362 3782 et
384 3717 418 3782 id
445 3724 536 3783 recte
560 3716 588 3782 si
612 3715 690 3796 quid
713 3714 818 3797 video,
845 3719 1012 3781 Εἰλείθυια
1044 3718 1134 3783 cuius
1156 3721 1294 3787 nominIs

92 3817 228 3883 sormam
251 3819 398 3886 nativam
430 3819 602 3902 indaganti
633 3838 698 3884 non
729 3823 795 3884 tam
820 3821 983 3902 epicorum
1011 3821 1074 3888 loci
1099 3824 1295 3906 respiciendi

93 3926 171 3985 sunt
203 3942 300 4003 quarn
336 3924 549 3991 dialectorum
581 3929 615 3989 et
649 3923 794 4006 volgaris
826 3925 985 3990 sermonis
1015 3946 1093 3994 usus
1128 3946 1222 4008 quem
1253 3948 1294 3995 ex

166 4166 186 4230 ¹)
205 4167 332 4240 Χαίρετ’,
352 4163 406 4236 ἐγὼ
427 4166 452 4218 δ’
477 4168 561 4238 ὑμεῖν
589 4167 657 4228 Διὸς
681 4169 800 4236 ἄνγελος
828 4168 977 4234 εἰλήλουθα
1000 4167 1082 4226 BCH.
1108 4176 1174 4224 1888
1196 4186 1223 4238 p.
1242 4176 1293 4225 252

93 4262 134 4306 ur.
154 4256 196 4307 28.

164 4357 186 4425 ¹)
205 4372 258 4411 ron
277 4353 414 4426 Bambcrg
433 4358 539 4413 zlGW.
560 4359 680 4414 XXVIII
699 4365 740 4414 20.

82 4524 87 4536 ,
164 4462 187 4518 ’1
206 4458 356 4514 Herodian.
375 4460 407 4516 L.
426 4462 453 4515 ll
472 4467 533 4529 «199,
552 4467 594 4520 al.
630 4462 717 4518 Locos
736 4463 875 4531 congessit
892 4460 1052 4516 Kallrmann
1072 4431 1225 4518 Pausanias
1244 4463 1294 4517 der

92 4542 219 4613 Pericget
238 4551 297 4602 215.

1089 4642 1146 4706 17*
