2956 5018
682 183 919 248 „334-

202 378 244 442 ab
279 375 341 440 hoc
375 373 552 439 defendere
585 373 642 441 vix
676 373 730 439 diu
764 373 880 454 potuit.
935 373 1031 438 Hanc
1068 373 1295 439 coniecturam
1329 392 1406 438 num

201 480 357 544 librorum
394 496 522 558 quoque
556 477 751 543 testimoniis
789 496 874 558 quae
907 496 973 542 non
1007 477 1105 559 plane
1140 478 1301 543 deficiunt
1334 484 1405 543 tuto

200 584 331 648 firmare
353 582 453 648 liceat
474 582 572 649 velde
595 581 783 662 ambiguum
804 579 946 649 videtur.

290 705 436 791 δωεδδω
461 704 556 789 ἀοιδή
589 701 699 779 ἀοιδός
727 702 861 786 ἑααοιδῆ
887 701 1034 785 ἀοίδιμος
1065 701 1202 768 δοιδιάω
1234 705 1404 787 ααροείδω

200 810 234 874 in
256 809 361 875 iliade
385 814 420 873 et
441 808 592 891 Odyssea
615 826 641 872 c.
669 806 795 887 tocies,
823 807 855 872 in
879 806 1015 872 Hesiodi
1038 807 1235 872 carminibus
1259 826 1288 872 c.
1313 807 1404 873 30ies

202 917 378 978 occurrunt
399 910 505 977 vocali
528 914 693 992 correpte,
725 928 789 990 qua
811 928 848 975 re
878 927 1002 974 summo
1026 928 1125 990 opere
1148 915 1268 975 contra
1291 929 1403 976 sanam

201 1015 359 1080 rationem
385 1031 539 1095 peccasse
562 1012 757 1080 evincuntur
779 1013 834 1093 qui
856 1031 921 1077 nno
943 1013 1014 1077 loco
1041 1041 1059 1097 ρ
1082 1015 1147 1079 519

411 1136 448 1193 οἷς
469 1133 496 1186 δ’
515 1128 555 1186 ὅτ’
574 1131 678 1187 αόιδόν
697 1132 768 1204 rivio
788 1134 996 1205 ποτιδέρκεται,
1017 1127 1048 1192 ὅς
1066 1152 1095 1186 οε
1113 1134 1192 1187 θεῶν
1211 1135 1240 1191 ἒξ

410 1220 492 1293 αἐΙδ)
511 1218 619 1279 δεδαὼς
639 1218 698 1273 ἔπε’
716 1220 867 1288 ἱμερόεντα
885 1227 1040 1292 βροτοῖσιν,
1351 1228 1401 1275 818

409 1307 459 1359 τοῦ
480 1305 506 1357 δ’
522 1307 634 1374 ἄμοτον
651 1308 800 1376 μεμάασιν
819 1310 964 1376 α’κοοέμεν
983 1309 1085 1364 ὁππότ’
1104 1310 1187 1382 areop

200 1415 364 1497 digamma
396 1417 434 1477 ut
463 1411 574 1478 versui
603 1412 766 1477 laboranti
799 1411 955 1479 auxidam
985 1414 1188 1494 salutemque
1219 1413 1310 1482 ferat
1343 1416 1402 1480 ad-

199 1523 370 1587 vocarunt.
379 1518 404 1601 ¹)
460 1516 598 1581 Poetam
634 1534 753 1582 revera
793 1519 880 1607 ᾶείδῃ
913 1523 948 1582 et
983 1518 1143 1584 recitasse
1180 1524 1217 1583 et
1254 1519 1401 1586 voluisse

198 1621 330 1689 recitari
361 1619 517 1709 *videntur
549 1638 632 1699 quae
666 1637 782 1685 versus
816 1621 914 1687 vicini
946 1622 1071 1689 habent
1104 1624 1210 1690 vocali
1243 1631 1401 1706 correpta

200 1727 308 1803 ιὀιδὸς
339 1732 373 1790 et
407 1723 496 1814 ἀείδῃ
522 1723 657 1787 Homeri
690 1723 958 1790 consuetudinem
993 1747 1013 1792 a
1043 1728 1228 1808 aequiorum
1262 1729 1401 1795 ludicris

199 1830 339 1896 alienam
363 1828 508 1912 (Bekker
530 1828 613 1893 HBl.
638 1827 656 1891 Ι
687 1829 762 1913 195)
790 1831 959 1910 reputanti
988 1832 1189 1897 confirmare.
1236 1833 1298 1898 Cui
1321 1863 1342 1898 α
1366 1835 1399 1899 in

198 1933 248 1998 bis
282 1949 361 2000 vere
391 1931 571 2012 producere
604 1931 659 1998 vel
688 1931 766 1996 licet
799 1933 852 2000 vel
883 1933 944 1999 sibi
976 1934 1075 1999 licere
1109 1953 1305 2016 persuasum
1336 1945 1397 2019 est

198 2037 298 2102 multo
322 2053 395 2100 eum
419 2033 550 2115 saepius
573 2034 635 2099 bac
657 2034 790 2100 licentia
816 2035 1023 2102 versificandi
1049 2035 1201 2103 facilitati
1224 2039 1400 2119 aptissima

198 2141 247 2207 uti
270 2139 376 2204 discas
399 2157 441 2203 ex
462 2155 524 2202 usu
548 2137 741 2204 Theocriteo
765 2140 846 2224 (Vll
868 2145 908 2205 41
934 2141 977 2205 in.
1000 2140 1082 2205 XVI
1097 2144 1127 2206 3.
1151 2145 1182 2206 4.
1206 2141 1327 2208 XVIII
1343 2147 1398 2209 36.

197 2243 311 2309 XXIV
335 2242 435 2328 11).)

284 2346 379 2413 Unde
409 2344 580 2410 hauserint
602 2345 735 2427 ‘cyclici'
766 2365 860 2412 suum
892 2347 989 2414 babo
1018 2368 1079 2415 nec
1108 2349 1260 2417 vocabuli
1290 2350 1399 2416 forma

197 2470 302 2533 neque
325 2452 395 2516 loco
419 2452 620 2530 excusatum,
647 2446 753 2534 Ἥρην
777 2448 873 2515 ἃιίδω
895 2452 926 2516 h.
950 2453 981 2517 h.
1005 2453 1056 2518 XI
1081 2458 1114 2535 1,
1144 2453 1265 2538 Ἑρμῆν
1297 2451 1399 2519 &aba

196 2557 296 2622 XVII
332 2559 367 2635 1,
398 2553 555 2637 Ἄρτεμιν
587 2549 683 2616 δείδω
715 2552 830 2619 XXVI
868 2560 901 2636 l,
941 2556 1085 2634 Μούσας
1121 2555 1219 2622 δείδω
1255 2557 1301 2622 in.
1340 2565 1397 2646 τῆς

198 2660 353 2744 δοκούσης
388 2655 530 2740 ἀρχαίας
563 2654 696 2731 Ἰλιάδος
730 2655 854 2722 Aneod.
888 2659 980 2723 Rom.
1011 2662 1032 2725 5
1063 2659 1118 2726 08.
1148 2690 1171 2714 =
1200 2661 1264 2725 lex.
1297 2661 1395 2727 Vind.

197 2783 271 2846 app.
296 2764 377 2843 213,
403 2761 498 2825 Ἴλιον
522 2757 620 2824 dado
643 2759 681 2823 Il.
705 2778 799 2840 parv.
826 2764 854 2841 1,
881 2764 893 2824 1
925 2780 957 2842 p.
980 2763 1022 2827 39
1046 2760 1189 2845 Kiak.,³)
1213 2765 1301 2843 quod
1324 2767 1397 2831 imi·

196 2874 287 2934 tatnr
316 2865 513 2930 Heliodorus
544 2864 612 2928 AP.
644 2864 694 2928 IX
723 2865 840 2945 485,1
875 2862 932 2929 τὰν
965 2865 1062 2939 Θέτιν
1092 2859 1205 2943 dabo,
1238 2865 1396 2948 ignorare

195 2991 247 3037 me
269 2970 386 3036 fateor.
431 2968 496 3033 Sed
522 2969 604 3033 baec
626 2967 705 3033 nibil
733 2968 776 3032 ad
799 2968 1020 3054 Homerum)
1065 2969 1181 3034 Nescio
1213 2988 1311 3050 quem
1342 2973 1396 3040 fac

195 3073 347 3141 carmInis
371 3072 512 3139 stamina
536 3076 664 3156 ‘magno
692 3072 921 3154 promissorem
944 3072 1045 3138 hiatu'
1069 3071 1119 3137 bis
1143 3091 1296 3142 exorsum
1320 3096 1396 3144 esse

456 3194 550 3248 Ἁεὶδω
568 3195 721 3265 Πριάμοιο
743 3195 837 3267 μόρον
856 3197 922 3258 κτλ,

195 3329 403 3340 ...-...-.---—-

267 3404 286 3471 ¹)
304 3401 390 3456 veluti
408 3399 538 3455 Hinriohs
557 3408 624 3456 vest.
652 3400 750 3454 eloeut
774 3399 847 3457 hom.
866 3400 935 3458 scol,
955 3406 1002 3468 11,
1026 3402 1118 3469 Bergk
1143 3403 1393 3475 Litteraturgeseh.

194 3496 245 3544 888
264 3506 289 3542 n.
312 3494 369 3558 181,
395 3485 487 3541 Christ
507 3485 539 3542 11.
557 3485 627 3553 prol.
650 3491 699 3538 120
716 3486 762 3554 qui
780 3485 845 3540 olim
865 3486 966 3538 rectius
988 3483 1158 3540 iudicaverat
1176 3488 1317 3556 (Metrilr¹
1334 3497 1392 3560 191)

193 3579 278 3633 tacito
290 3575 410 3630 Abrensi
428 3573 536 3628 nomine
554 3572 717 3642 quidudum
735 3574 800 3642 quid
813 3575 853 3628 rei
871 3580 943 3627 esset
956 3571 1034 3639 Couj.
1053 3573 1103 3627 eui
1120 3595 1171 3644 -μι
1191 3581 1223 3629 38
1242 3576 1392 3632 intellexit.

193 3664 236 3723 ef.
254 3664 337 3718 etiam
357 3663 388 3719 L.
407 3662 502 3731 Meyer
520 3661 545 3713 1¹
565 3665 623 3713 116.

264 3757 285 3816 ²)
303 3749 346 3803 De
375 3748 558 3803 recentiorum
588 3761 639 3801 usu
667 3745 795 3802 dixerunt
823 3749 949 3816 Spitzner
975 3749 1050 3803 Pros.
1077 3763 1140 3815 app.
1167 3763 1190 3800 s.
1218 3764 1258 3817 rr,
1291 3751 1392 3807 Hartel

194 3837 282 3892 Wien.
305 3835 381 3890 Stud
403 3835 416 3887 l
438 3843 453 3887 5
481 3835 509 3903 (ἁ
534 3833 619 3888 etiam
641 3833 748 3889 Gallim.
770 3834 804 3888 fr.
827 3841 886 3890 543.
911 3867 940 3877 -
962 3836 1084 3905 epitaph.
1104 3836 1181 3892 Bion.
1195 3839 1249 3906 81).

264 3927 284 3990 ⁸)
303 3921 406 3976 οδεῑδω
424 3920 507 3975 scribi
526 3919 602 3974 iubet
619 3920 688 3973 Ficlr
707 3922 760 3975 BB.
779 3922 832 3975 Vll
852 3928 901 3976 150
920 3932 950 3976 ut
968 3924 1039 3978 solet
1057 3923 1216 3978 aeoliaaans.

265 4013 286 4075 ⁴)
304 4009 346 4065 Ol.
359 4008 465 4064 Usener
483 4008 577 4066 Fleclr.
590 4008 687 4063 Jahrb.
703 4015 778 4078 1818,
797 4016 838 4064 18.
857 4040 891 4048 -
909 4010 985 4065 Idem
1003 4009 1078 4066 cedit
1096 4012 1125 4064 in
1143 4011 1257 4065 exordia
1276 4006 1391 4084 hymno·

192 4096 306 4164 graphio
324 4097 477 4164 sollemnia,
497 4096 589 4164 qualia
607 4105 672 4151 sunt
691 4100 768 4168 αμφὶ
789 4099 936 4153 Διώνυσον
956 4127 988 4136 -
1007 4100 1153 4168 μνήσομαι
1172 4099 1200 4153 h.
1212 4099 1239 4152 b.
1254 4100 1293 4154 Vl
1316 4111 1391 4170 laq..

192 4185 271 4253 οἰμᾳδ
288 4203 340 4250 μοι
358 4186 495 4258 Ἑρμείαο
514 4188 598 4256 φίλον
616 4187 704 4254 γόνον
722 4190 821 4241 ἔννεπε
835 4188 939 4240 Μοῦσα
952 4185 1045 4239 XVIII
1060 4192 1082 4255 l,
1101 4190 1179 4258 σῐμψὶ
1193 4192 1390 4245 Ποσειδάωνα

192 4270 262 4324 θεὸν
280 4276 375 4340 μέγαν
394 4273 498 4342 ἄρχομ’
518 4273 629 4326 (Itidem
648 4271 714 4325 xxI
734 4278 757 4339 1,
777 4276 854 4343 αμφὶ
881 4275 1075 4346 Διοσκούρους
1094 4305 1128 4313 -
1147 4278 1245 4331 ἔσπετε
1272 4264 1388 4333 Μοῦσαι

191 4356 298 4410 XXXII
320 4363 342 4420 1,
362 4360 440 4427 (ipsud
457 4377 508 4427 μοι
529 4356 595 4412 odae
615 4357 720 4428 ἄναχθ’
740 4362 910 4428 ἐκαιαβόλον
929 4362 1049 4414 derdere)
1068 4364 1144 4434 φρήν
1163 4363 1245 4432 Terp.
1264 4370 1290 4432 2,
1311 4370 1386 4438 timui

190 4446 384 4518 Σκάμανδρον
409 4474 440 4483 -
460 4443 563 4517 ἄρχομ’
587 4446 684 4499 «ἕαδεν
702 4461 784 4499 carm.
805 4444 898 4513 adesp.
918 4451 984 4501 30A
1002 4448 1105 4514 (Bergk
1127 4448 1184 4502 111⁴
1204 4455 1273 4518 888).
1315 4454 1388 4508 Haec
