2940 5026
553 205 766 284 „35-

54 408 157 491 valet,
181 406 255 475 aliis
278 406 480 489 argumentis
504 407 627 473 vietum
642 425 773 473 manum
790 425 863 473 eum
887 406 1040 472 daturum
1056 424 1128 472 esse
1152 425 1258 490 spero.

54 514 216 583 Conferat
238 531 360 594 quaeso
384 512 466 578 haee
487 511 574 577 iuter
597 530 649 578 se:

148 639 254 721 Κίρκη
270 635 472 715 ἐυπλόκαμος
494 660 511 698 κ
534 635 612 700 1363
638 639 716 711 θεᾶς
738 633 769 712 (i.
782 652 815 698 9.
834 634 971 720 Κίρκης)
988 631 1265 715 καλλιπλοκάμοιο

54 773 72 809 κ
96 745 173 809 220.
205 743 280 806 310.
319 738 450 824 Ἀχαιοί
475 758 502 803 0.
526 741 570 804 30
603 737 683 804 locis
718 739 917 825 ἑυκνήμιδεςῑ
953 757 1017 805 uno
1048 737 1118 804 1000
1152 742 1192 803 H
1216 740 1257 803 41

55 849 282 936 ἀγασσάμενοι
304 846 559 932 χαλκοκνήμιδες
583 844 717 929 Ἀχαιοί
744 843 798 909 ubi
828 862 870 909 lle
899 842 1024 910 hiatum
1055 861 1176 925 urgeas
1203 843 1258 909 ad·

54 954 161 1021 hibita
184 950 290 1017 forma
313 949 506 1037 ηὐκιήμισες
530 956 685 1029 arturum,
710 947 881 1014 dissuadet
905 949 1007 1014 1402

322 1058 406 1109 Ἴλιον
425 1054 560 1122 ἐκτῆσθαι
580 1051 611 1107 ἐι)
632 1052 789 1120 ναιόμενον
808 1055 988 1125 πτολίεθρον.

55 1159 211 1234 γυναῖκας
229 1144 384 1224 ἐυζώνους
403 1150 423 1210 Ι
434 1146 508 1211 366.
530 1146 561 1208 Ψ
570 1144 630 1209 261
688 1139 812 1222 ἀνδρῶν
835 1142 1036 1221 καλλιζώνων
1058 1167 1090 1208 τε
1106 1145 1261 1226 γυναικῶν

57 1252 210 1331 ἐυζώνοιο
233 1248 382 1334 γυναικός
405 1256 441 1315 A
462 1251 527 1315 429
688 1248 719 1311 Ω
742 1248 816 1313 698.
842 1266 869 1328 ψ
896 1249 967 1312 141.

129 1392 169 1402 -
237 1353 373 1440 τιθήνης
396 1359 427 1420 Ζ
448 1355 512 1419 467

65 1458 216 1545 ἐΰτριχας
231 1460 346 1535 ἵππους
365 1460 397 1522 Ψ
412 1458 461 1523 13.
478 1458 552 1522 301.
568 1458 631 1522 351
688 1456 1261 1540 ἕπαίξαςκαλλὴριχαςἴππουςΕ323

687 1550 946 1646 Ἀγαμεμνονέης
968 1562 1174 1646 καλλίτριχος

732 1665 845 1751 Αἴθης
872 1664 986 1731 111525

689 1769 774 1847 ὅπως
797 1773 1000 1870 καλλίτριχες
1024 1774 1114 1836 ἵπποι
1146 1776 1177 1835 K
1197 1773 1256 1837 491

733 1875 773 1940 cf.
799 1903 810 1940 ι
834 1877 909 1941 469.

60 1979 109 2046 Of.
149 1980 249 2046 eiiam
283 1976 475 2064 καλλίρροος
510 1984 544 2043 et
578 1977 731 2063 ἐύρροος;
772 1978 991 2068 καλλίσφυρος
1027 1987 1048 2046 Ι
1077 1981 1152 2046 557.
1187 1982 1261 2046 560.

61 2083 94 2155 Ξ
116 2087 190 2152 319.
216 2111 230 2149 ε
253 2085 317 2150 333
341 2089 376 2148 et
398 2083 560 2170 ἑύσφυρος
584 2083 663 2149 Hes
680 2083 769 2150 Scut.
790 2088 839 2150 16.
865 2087 915 2151 86.
940 2085 1104 2152 Theocrit.
1129 2086 1179 2165 28,
1207 2088 1262 2166 133

60 2188 146 2268 Ἠὼς
169 2189 324 2273 ἐύθρονος
340 2194 374 2255 et
387 2189 627 2273 χρυσόθρονος,
653 2189 831 2276 Δήμητρος
854 2191 1126 2272 καλλιπλοκάμοιο
1152 2191 1263 2261 Ξ326

61 2303 96 2362 et
120 2294 272 2381 Δήμητρ’
297 2293 435 2380 ήύκομον
457 2294 488 2359 h.
512 2293 543 2358 h.
568 2294 616 2359 IV
641 2298 669 2360 1.
693 2297 767 2362 316.
799 2295 868 2361 XII
896 2300 910 2361 l
944 2295 989 2378 (h.
1013 2296 1044 2360 h.
1069 2296 1116 2360 IV
1140 2294 1263 2380 idmst)

62 2400 213 2467 Minerva
237 2404 289 2465 esi
312 2397 450 2486 ἠύκομος
473 2405 508 2464 et
530 2398 741 2481 ἐυπλόκαμος.
750 2399 777 2485 ²)

151 2522 225 2606 Qua
247 2522 280 2587 in
304 2541 340 2587 re
363 2526 479 2604 poetas
502 2540 568 2588 non
590 2523 836 2603 productionem
867 2522 990 2591 vocalis
1022 2551 1035 2587 ε
1060 2529 1097 2588 ut
1118 2521 1264 2587 illicitam

63 2627 201 2707 evitare,
225 2625 284 2691 sed
308 2625 521 2706 compositum
537 2625 609 2707 ipsa
632 2626 764 2692 nodone
781 2626 1018 2709 significantius
1042 2626 1265 2706 illustriusque

64 2736 262 2813 praeoptare
286 2730 438 2811 voluisse,
463 2730 566 2796 sicubi
588 2750 649 2813 per
668 2738 807 2799 metrum
829 2731 953 2814 liceret,
977 2750 1018 2797 ne
1034 2731 1111 2797 mihi
1134 2730 1265 2811 obicias

63 2835 251 2917 prohibent*
270 2853 385 2901 versus
408 2834 522 2915 quales
545 2842 623 2901 sunt
647 2843 677 2902 Ζ
700 2839 741 2903 92
757 2867 780 2892 --
796 2839 859 2902 273
880 2865 902 2890 =
924 2837 988 2901 303
1012 2834 1190 2920 Ἀθηναίης
1214 2834 1267 2898 ἐπι·

64 2943 218 3027 γούνασιν
242 2939 410 3026 ηὐκόμοιο,
434 2941 465 3005 h.
481 2940 512 3005 h.
530 2941 602 3006 Cer.
629 2943 681 3006 60.
706 2942 757 3006 15.
782 2942 846 3005 443
871 2942 963 3024 Ριίης
986 2939 1040 3004 vel
1055 2939 1150 3023 Ρείην
1171 2935 1266 3022 ήυκό-

63 3074 141 3130 μοιο
162 3047 258 3129 (·ον);
286 3052 316 3110 Κ
339 3049 359 3108 5
379 3045 484 3132 Ἥρης
508 3045 679 3132 ηὐκὸμοιος
704 3044 839 3110 Hesiod.
864 3043 951 3109 Scut.
977 3045 1040 3109 216
1064 3037 1103 3128 ήν
1126 3041 1268 3129 ήυκόμου

139 3294 159 3353 ¹)
178 3287 284 3344 Gemoll
305 3286 340 3342 ad
360 3286 386 3342 h.
407 3287 433 3343 h.
454 3286 476 3339 V
499 3295 539 3346 18.

136 3381 158 3440 ²)
177 3374 215 3429 Ut
234 3375 350 3427 emulsa
370 3373 471 3443 duplici
484 3374 556 3429 vocis
570 3377 660 3449 ὀρθός
680 3376 792 3430 notione
804 3375 878 3445 (recti
896 3374 1000 3442 ‘grade'
1016 3380 1044 3427 et
1062 3375 1139 3426 erecti
1154 3373 1269 3438 ‘empor-

64 3463 226 3533 geriehtet')
251 3471 347 3517 ortura
375 3462 541 3531 anrbiguitas
566 3465 700 3518 vitaretur
727 3462 862 3519 effecisset
886 3463 913 3517 h.
933 3464 959 3517 h.
979 3462 1007 3515 11
1031 3466 1082 3514 220
1105 3459 1268 3514 vocabulum

65 3554 248 3626 ηὐκραιριίιιιν
273 3549 421 3605 admissum
450 3553 483 3618 (v.
508 3556 558 3604 209
583 3559 683 3620 βουσὶν
709 3552 913 3627 ἐυκραίρῃσιν),
938 3551 986 3606 sed
1011 3563 1177 3620 quamquam
1203 3548 1269 3616 βόες

64 3647 135 3695 teste
161 3653 240 3692 versu
272 3644 318 3692 192
347 3649 410 3692 1111
438 3640 591 3710 κεράεσσιν
619 3641 725 3691 identat
752 3640 795 3706 (=
823 3637 856 3692 τὰ
886 3645 990 3711 κέρατα
1018 3640 1175 3705 ου’κιιμπεῑς
1204 3635 1268 3688 Luc.

65 3728 196 3784 maritim.
216 3727 282 3785 dial.
304 3734 343 3793 15,
363 3734 402 3794 ll,
422 3737 504 3796 poeta
523 3727 621 3781 maluit
640 3727 730 3783 dicere
748 3743 809 3783 erun
829 3726 949 3797 quadam
973 3741 1069 3781 seusus
1087 3722 1270 3788 ambiguitate
1330 3710 1332 3715 ’

66 3818 247 3889 σρθοκραιριί
250 3838 288 3869 ιιιιι
307 3815 352 3881 (el.
370 3821 398 3869 Σ
414 3820 472 3868 313.
493 3821 516 3871 Θ
536 3820 594 3869 231.
620 3836 642 3885 Ια
662 3821 728 3882 alin
751 3814 823 3884 quod
841 3814 1003 3870 vocabulum
1023 3814 1099 3880 Pane
1123 3826 1144 3865 s.
1163 3826 1186 3862 r.
1211 3810 1270 3862 ‘mit

66 3903 172 3972 graden
192 3903 320 3958 hdrnern'
340 3903 421 3958 vertit
447 3904 473 3958 lr.
498 3903 629 3957 homerici
647 3903 735 3957 laeum
761 3919 817 3957 non
843 3918 957 3968 eurans;
985 3901 1067 3953 immo
1092 3897 1192 3952 rectius
1212 3897 1271 3951 ‘mit

67 3990 331 4061 emporgerichteten
360 3990 509 4057 hornern').
547 4011 660 4066 -κριιιριι
688 3992 732 4045 hie
761 3990 790 4044 τὸ
821 3997 904 4065 κέρας
933 3988 1066 4042 denotare
1095 3990 1158 4050 (non
1187 3993 1217 4038 ut
1242 3986 1271 4039 in

68 4081 224 4152 ἡμίκραιρα
248 4076 298 4143 τήν
317 4080 453 4148 κεφαλήν)
481 4092 535 4130 non
560 4075 703 4131 miraberis
728 4084 790 4145 post
814 4076 877 4132 Joh.
901 4074 1034 4130 Schmidti
1057 4073 1270 4143 disputationem

68 4163 233 4220 Pluralbild.
252 4163 301 4219 der
318 4164 470 4232 indegerm.
490 4173 588 4220 neutra
613 4181 639 4233 p.
659 4170 710 4218 868
730 4180 802 4233 sqq.,
823 4163 869 4218 ubi
888 4163 953 4218 addi
971 4170 1062 4230 potest
1081 4177 1115 4216 ex
1134 4161 1271 4232 Hesychia

68 4253 247 4325 λεακό-κρας·
266 4254 472 4322 λεοκοκέιγαλος
491 4280 522 4289 -
544 4250 578 4303 Η.
597 4250 729 4306 homerici
755 4250 844 4304 lotum
863 4250 945 4304 attuli
965 4257 995 4303 11
1020 4249 1122 4304 illustri
1145 4249 1271 4316 exemplo

69 4341 303 4406 demonstrarem,
327 4352 410 4404 qurum
434 4341 519 4392 anxia
537 4353 603 4393 eura
621 4344 722 4404 poetae
740 4337 767 4390 in
787 4335 923 4404 producta
942 4335 1032 4392 forma
1051 4340 1096 4403 ηὀ·
1115 4337 1272 4404 compositis

69 4425 228 4482 adhibenda
257 4424 340 4480 etium
367 4432 426 4478 tum
454 4432 645 4490 versarentur,
672 4442 732 4479 cum
762 4432 879 4479 metrum
907 4425 1042 4491 simulque
1069 4439 1164 4478 seusus
1192 4424 1272 4477 huius

69 4514 175 4570 formae
195 4528 274 4567 usum
294 4511 485 4567 commendare
505 4511 676 4565 videbantur.

1071 4599 1114 4662 3*
