2986 5010
659 187 894 282 „⁸300-

177 381 292 448 rativis
315 381 346 446 in
372 384 445 445 -elov
467 401 602 461 quorum
626 409 634 444 r
662 417 701 426 -
726 381 866 444 sirecte
894 380 1016 445 conicio
1042 418 1080 425 -
1105 399 1123 443 e
1147 379 1375 445 vetustissima

178 488 376 553 Graecorum
399 486 633 552 consuetudine
656 486 689 550 in
712 505 809 550 masc.
834 485 907 549 fem.
933 503 1053 565 anceps
1081 492 1170 564 erat,
1201 484 1233 548 in
1265 485 1375 550 neutri

177 589 307 673 generis
342 607 426 654 nom.
461 608 526 654 aec.
559 608 606 670 sg.
638 590 739 654 breve
770 588 800 652 iu
833 587 951 653 ceteris
982 588 1111 653 casibus
1141 589 1218 653 item
1251 608 1373 670 auceps

178 694 231 776 (cf.
258 696 390 758 αλείωνι
415 694 529 775 atior).
578 694 605 756 A
633 712 696 772 ouo
725 713 783 758 usu
809 712 920 757 omnes
943 700 1059 773 postea
1083 692 1301 774 desciverunt,
1327 693 1375 758 ita

178 802 215 863 ut
229 796 285 863 alii
308 796 399 863 velut
413 798 575 862 Homerus
585 798 611 880 ¹)
635 803 670 861 et
692 796 888 879 Pindarus²)
913 826 920 860 a
947 803 1138 863 constanter
1160 790 1373 879 corriperent,

177 901 232 967 alii
261 902 351 968 velut
385 901 596 966 Archilochus
632 902 753 967 vocalis
788 902 1031 982 productionem
1068 909 1102 967 et
1135 901 1373 982 correptionem

178 1005 357 1087 promiscue
399 1010 490 1070 certo
531 1007 604 1086 lege
647 1025 710 1070 non
753 1007 816 1070 iam
859 1007 984 1072 astricti
1028 1000 1221 1073 adhiberent
1257 1006 1375 1097 (κακία

176 1109 270 1192 frgm.
295 1115 324 1190 6,
348 1112 378 1174 4.
408 1110 521 1174 κάκιον
546 1113 594 1190 13,
627 1110 698 1194 lli),
723 1110 823 1175 Attici
847 1110 987 1192 denique
1011 1141 1021 1175 ι
1045 1112 1077 1177 in
1101 1112 1248 1178 omuibus
1273 1132 1371 1177 maso.

178 1214 250 1278 lem.
275 1213 405 1294 generis
428 1211 539 1277 formis
563 1232 692 1294 semper
707 1216 934 1296 producerent
958 1215 990 1280 in
1015 1221 1131 1281 neutro
1155 1221 1284 1281 tautum
1308 1235 1373 1282 non

178 1334 306 1397 semper
328 1316 466 1381 retentis
489 1322 599 1381 tamen
623 1337 641 1380 e
665 1317 801 1398 pristino
826 1339 885 1384 usu
908 1320 983 1385 hinc
1006 1320 1082 1386 inde
1108 1321 1318 1388 nominativis
1341 1322 1373 1386 in

179 1420 293 1504 toni)
328 1420 458 1485 Vocalis
494 1423 663 1502 productio
697 1443 760 1488 non
797 1423 903 1504 potuit
931 1424 964 1490 in
993 1425 1192 1490 Graecorum
1224 1443 1375 1491 sermone

250 1599 268 1658 ¹)
287 1595 329 1648 De
347 1594 465 1650 Homero
484 1603 577 1649 tamen
595 1597 629 1650 de
647 1597 722 1650 cuius
741 1612 791 1652 usu
810 1599 867 1666 egit
886 1599 916 1653 L.
936 1599 1031 1667 Meyer
1050 1600 1104 1652 BB.
1125 1599 1160 1651 lv
1189 1604 1219 1650 14
1245 1597 1376 1653 dubitare

177 1682 249 1738 licet.
286 1680 356 1735 Nem
386 1681 413 1735 in
444 1682 501 1736 eins
531 1683 697 1738 carminibus
722 1693 833 1751 praeter
857 1693 955 1739 neutra
984 1690 1087 1755 ἄλαλον
1112 1693 1225 1756 «creptos
1254 1688 1376 1755 γλύκλον

178 1770 282 1821 adulor
310 1769 427 1821 κάλλίον
454 1770 570 1841 κε’ρδῖον
589 1771 676 1824 lolium
702 1772 797 1843 boylon
821 1773 954 1845 (βρτίδῖον
979 1776 1065 1827 loto»
1090 1775 1186 1848 ῥίγῖον
1210 1770 1333 1837 Hesiod.)
1358 1789 1376 1829 a

177 1853 274 1921 quibus
299 1853 506 1923 productionem
530 1855 651 1922 legitime
677 1859 774 1914 abesse
799 1861 931 1928 suspicati
956 1876 1063 1926 sumus,
1091 1876 1145 1913 non
1169 1859 1298 1926 leguntur
1323 1859 1375 1913 nisi

177 1950 274 2010 quater
293 1941 416 2012 γλακΐων
435 1942 506 2010 quod
525 1945 608 1998 aliter
626 1945 715 1999 versui
735 1946 827 2013 aptari
845 1962 899 2000 non
916 1952 1035 2012 poterat,
1055 1945 1095 1999 bis
1114 1945 1232 2009 κακΐων,
1253 1945 1376 2000 nuttios

177 2053 193 2084 κ
206 2037 265 2096 396,
285 2030 388 2101 molior
411 2037 483 2083 rabi
504 2057 536 2074 ==
551 2054 572 2084 α
591 2038 649 2099 008,
668 2034 712 2087 eui
730 2034 850 2089 locorum
871 2049 983 2089 numero
1001 2031 1069 2087 satis
1087 2047 1172 2100 paruo
1191 2033 1227 2100 (l)
1245 2033 1374 2101 equidem

178 2135 231 2174 non
252 2127 359 2174 tantum
378 2118 529 2187 tribuerim,
548 2128 578 2174 ut
596 2122 632 2174 ab
650 2120 763 2175 Homeri
783 2122 901 2176 dictione
914 2124 940 2175 in
959 2121 1154 2190 comparativis
1167 2118 1374 2188 productionem

177 2206 278 2260 voculis
297 2208 390 2274 utique
408 2205 584 2261 abhorruisse
596 2223 646 2274 pro
665 2213 740 2262 certo
754 2208 893 2263 affirmare
913 2208 1036 2263 surleam.
1066 2207 1107 2261 Cf.
1125 2205 1251 2278 βραχὶαν
1274 2212 1301 2259 Ν
1315 2212 1374 2260 bet.

177 2301 209 2347 11
227 2299 278 2346 323
298 2293 345 2347 all.
365 2292 406 2361 (lt.
442 2292 571 2348 καδΐονα
590 2295 690 2348 llinlrel
710 2296 887 2362 lr.ep.13b
907 2294 987 2351 Aeth.
1008 2294 1041 2350 ir.
1061 2299 1085 2360 3,
1105 2299 1128 2347 2.

250 2386 269 2444 ²)
288 2380 389 2450 αῖσχὶω
408 2380 434 2436 J.
453 2381 506 2435 Vll
525 2387 565 2439 22.
595 2385 713 2437 κάλλῖον
732 2383 760 2435 Ρ.
780 2382 803 2435 V
826 2387 870 2450 1¹23
889 2382 922 2436 N.
941 2381 980 2434 XI
999 2387 1040 2435 26.
1068 2380 1101 2434 fr.
1122 2385 1163 2448 89,
1186 2389 1195 2433 1
1218 2381 1375 2446 (stelliones

177 2467 209 2520 fr.
233 2473 294 2533 108,
314 2471 351 2531 3),
389 2465 512 2539 κερδῖων
537 2469 569 2522 N.
594 2471 616 2521 V
645 2476 682 2527 lo.
721 2474 843 2542 ,ἰόρσῖον
867 2469 909 2526 01.
929 2470 940 2522 l
962 2475 1019 2523 114,
1057 2465 1146 2535 diplom
1164 2466 1198 2524 fr.
1217 2473 1277 2534 213,
1299 2474 1321 2519 1.
1344 2497 1373 2506 -

178 2562 309 2612 καλλίονα
334 2572 434 2626 auceps
459 2565 501 2612 est
520 2558 549 2611 P.
569 2559 608 2611 Xl
629 2564 668 2612 ot.
692 2589 719 2597 -
741 2559 772 2611 ln
797 2556 980 2625 Theognideis
1003 2556 1184 2622 compluriens
1207 2555 1296 2609 inveni
1322 2577 1375 2608 men

178 2643 384 2704 *miseraratione
404 2646 508 2698 adorior
526 2647 612 2699 ior'iov
631 2647 757 2712 κιίλλῖον)
773 2645 797 2708 l?
819 2648 902 2711 loom,
922 2643 963 2697 bis
983 2644 1088 2697 xrr‘urom
1105 2648 1164 2696 811.
1187 2646 1260 2694 1115.
1281 2671 1312 2679 -
1335 2643 1377 2696 De

178 2730 292 2785 Aeolum
313 2745 387 2784 more
407 2746 460 2785 non
479 2737 587 2784 constat
607 2732 708 2797 (λα’ῐον
726 2731 841 2787 Theocr.
861 2736 903 2797 tt,
926 2736 963 2785 11.
984 2736 1026 2793 30,
1049 2734 1097 2795 161.

248 2819 270 2886 ³)
289 2817 410 2872 καλλῖων
445 2817 546 2885 legitur
584 2818 690 2874 Semou.
727 2822 838 2886 Amorg.
873 2817 951 2884 irgm.
991 2823 1018 2882 t,
1057 2822 1098 2872 31.
1135 2821 1246 2884 βέλαῖον
1279 2820 1379 2888 prpter

178 2904 332 2960 Mimnerm.
352 2908 377 2967 2,
398 2910 436 2958 10.
456 2912 480 2969 λ,
500 2911 524 2956 0.
554 2934 567 2940 -
597 2904 638 2957 De
656 2920 735 2959 versu
756 2904 839 2970 (Men.
859 2921 884 2972 q.
904 2904 929 2960 d.
948 2908 1038 2975 proin.
1057 2912 1204 2974 ,uovourtp
1227 2908 1287 2972 1201

463 2995 642 3061 ταύτόματον
661 2996 740 3062 ἡμῶν
760 2997 860 3046 καλλίω
879 2995 1040 3061 βουλεύεται

178 3076 306 3132 Meineke
325 3093 419 3133 comm.
434 3078 471 3130 lV
486 3084 536 3130 374
555 3077 600 3146 (sd
613 3080 647 3146 v.)
666 3079 735 3133 haec
753 3079 874 3146 scripsit:
894 3083 1003 3133 ‘nultra
1024 3095 1057 3134 nc
1076 3079 1197 3133 secunda
1216 3079 1291 3133 brevi
1311 3079 1376 3133 effe-

178 3170 267 3226 retur,
295 3163 347 3218 fuit
366 3165 411 3233 qui
431 3163 574 3218 verborum
599 3165 720 3220 ordinem
739 3167 911 3234 immutaret,
941 3167 1055 3220 κάλλιον
1068 3167 1160 3236 ’ἡμῶν
1186 3167 1376 3232 ταύτόματον.

178 3258 289 3306 notatus
307 3251 368 3305 ideo
392 3252 446 3304 iam
471 3252 505 3303 ab
525 3250 684 3307 Hermanno
702 3254 790 3320 prael.
810 3254 875 3307 Eur.
895 3254 975 3307 Here.
995 3250 1049 3309 sur.
1068 3269 1093 3320 p.
1114 3252 1160 3304 ill.
1198 3252 1260 3305 Nou
1280 3250 1377 3306 dubito

178 3339 243 3406 quin
257 3337 449 3406 iemhogruphi
461 3352 554 3392 versus
568 3339 611 3393 sit.
632 3340 728 3405 ltaque
742 3342 948 3392 rectoraticum
962 3339 1116 3405 corripitur.
1140 3339 1246 3393 Somou.
1262 3336 1330 3390 Mul.
1345 3345 1374 3390 31

178 3430 208 3479 ἐν
228 3428 318 3480 πᾶσιν
338 3427 539 3499 ἀνθρώποισιν
559 3427 623 3479 οὐδὲ
644 3424 779 3480 nattum)
802 3455 830 3461 -
852 3427 973 3478 κάλλῐοι·
993 3424 1095 3479 Simon.
1115 3426 1201 3493 epigr.
1225 3432 1281 3491 142,
1300 3431 1326 3482 3.

249 3516 270 3577 ⁴)
289 3516 402 3581 βέλιὶον
421 3512 518 3567 Aesch.
539 3511 619 3578 t‘rgm.
633 3516 682 3563 302
690 3510 722 3568 N.
742 3512 786 3578 (nl.
800 3515 948 3580 βέλτερον).
975 3508 1057 3576 idion
1078 3513 1378 3580 Eurip.Suppl.1101.

178 3602 296 3652 millium
320 3600 367 3651 Ar.
387 3599 456 3667 Equ.
478 3603 542 3651 1263
569 3597 609 3657 (in
632 3605 712 3664 perte
731 3598 800 3666 lyr).
837 3597 958 3670 γαστρὸς
983 3600 1068 3651 oddlr
1093 3594 1176 3663 1,οῖον
1197 3599 1275 3655 Alex.
1296 3598 1378 3668 t'rgm.

179 3694 221 3755 25,
240 3696 264 3747 0.
284 3690 310 3742 Il
331 3689 423 3745 306Κ.
441 3689 479 3753 (in
499 3683 655 3752 fragmento
683 3684 755 3752 quod
783 3691 876 3739 tamen
906 3684 985 3738 multi
1012 3684 1085 3752 iique
1108 3684 1262 3753 gravissimi
1285 3686 1378 3740 existi-

179 3784 299 3829 meteres
318 3777 440 3843 spurium
466 3780 590 3837 censent,
615 3789 638 3827 r.
658 3789 681 3828 v.
700 3770 867 3826 Herwerdeu
891 3771 1023 3827 Mnemos.
1048 3787 1074 3826 n.
1093 3789 1114 3825 s.
1139 3772 1203 3823 xlv
1230 3773 1296 3838 181).
1335 3771 1379 3827 Ad

179 3860 298 3916 eiusdem
318 3862 399 3928 frgur.
416 3867 462 3914 lbi
483 3857 582 3926 (ἣδιον
600 3860 702 3918 Ἄλεξις
720 3860 845 3912 bonomi
865 3860 1091 3928 αἶαονιῑιιομένῳ
1112 3858 1198 3916 Beki.
1212 3861 1264 3914 Au.
1278 3865 1321 3924 ss,
1338 3861 1379 3917 ill

179 3947 326 4014 adscripsit
351 3947 428 4000 Koch
449 3947 475 4000 ll
504 3953 566 3999 354:
597 3945 677 4013 ‘quod
706 3961 754 3998 cur
783 3944 932 3999 notandum
965 3944 1072 3998 duxerit
1101 3946 1291 3999 Antietticista
1323 3963 1380 3999 non

178 4032 324 4101 intellego,
344 4034 394 4087 nisi
415 4033 486 4087 forte
505 4031 640 4102 syllabam
659 4031 776 4085 mediam
796 4033 890 4086 Alexis
914 4032 1101 4099 corripuerat)
1140 4032 1170 4083 ln
1190 4031 1233 4083 his
1252 4032 1380 4085 omnibus

179 4121 216 4172 nil
238 4120 398 4174 mutandum
426 4121 514 4175 indico
540 4120 703 4174 dissentiens
722 4121 748 4172 in
775 4121 827 4173 huc
850 4137 879 4174 re
906 4135 965 4171 cum
992 4120 1103 4171 summis
1126 4119 1228 4171 criticis
1251 4118 1296 4185 qui
1324 4136 1380 4174 ser·

182 4221 287 4259 monem
316 4207 428 4260 atticum
461 4207 496 4260 od
528 4208 606 4260 nimis
635 4215 739 4260 arctam
771 4205 968 4259 uniformitatis
996 4207 1083 4273 legem
1116 4215 1239 4260 exactum
1274 4207 1379 4261 volunt.

180 4293 352 4359 Quamquam
373 4303 476 4346 certum
496 4302 539 4347 est
557 4294 637 4360 louge
664 4291 788 4359 plurimis
811 4292 876 4344 locis
895 4291 977 4345 etium
1003 4293 1072 4346 tales
1097 4293 1186 4346 neutri
1213 4294 1319 4345 formas
1345 4295 1380 4346 ab

180 4377 278 4431 Atticis
306 4377 426 4445 produci,
455 4380 528 4432 volut
557 4386 669 4448 αἴσχιον
696 4381 807 4447 βὲλιιον
827 4374 907 4443 ἥδιον
935 4382 1037 4433 κάκιον
1065 4381 1179 4433 κάλλιον
1207 4378 1325 4433 1010018
1345 4381 1381 4433 ab

181 4463 377 4533 Aristophane.
408 4469 517 4533 βέλτιον
548 4472 647 4537 lybano
678 4462 759 4529 ἥδιον
790 4468 903 4519 κάλλιον
936 4466 996 4519 sies
1024 4483 1040 4519 u
1069 4465 1166 4520 ceteris
1194 4465 1304 4519 comicis
1333 4467 1382 4534 (ab
