2956 5018
565 231 603 240 —-
649 196 712 259 387
762 233 801 243 -·

83 381 173 463 apud
207 383 325 463 probos
354 383 618 464 deprehenditur.
670 384 733 449 Ubi
763 390 878 450 contra
913 384 1158 467 productionem
1188 391 1279 450 recte

81 486 205 551 habere
228 491 335 568 patet,
368 486 584 570 compluriens
607 505 680 552 eam
702 487 736 553 in
759 487 865 553 medio
896 505 995 553 versu
1018 486 1147 552 admitti
1169 489 1277 553 obser·

83 607 210 668 ramus,
241 588 343 654 veluti
379 589 412 653 in
442 588 491 653 Vi
524 587 616 668 pedis
650 591 717 655 arsi
752 599 843 676 φῖλαι
880 595 909 655 Ε
939 593 1016 671 111,
1047 590 1080 655 in
1110 589 1162 654 Hi
1194 590 1281 656 thesi

84 693 243 777 primvm
277 691 308 754 h.
340 691 371 755 h.
401 691 450 756 IV
478 694 553 757 488.
605 693 691 758 Hinc
725 712 785 776 ego
820 694 948 774 quidem
979 693 1164 760 necessario
1199 692 1281 759 effici

81 793 200 875 iudico,
225 811 266 857 ne
290 799 322 857 A
346 795 416 857 155.
449 796 564 860 11359.
599 801 630 861 Φ
652 799 715 863 308
747 798 802 877 qni
832 816 947 864 versus
970 818 990 863 a
1014 799 1088 883 prbr
1110 799 1281 883 κασίγνητε

82 896 243 977 incipiunt
276 896 448 962 trochaeus
482 898 526 962 sit
559 901 800 982 agnoscendus,
836 900 896 966 sed
933 900 1138 983 pyrrhichius
1171 901 1281 982 potius

82 999 232 1065 trochaei
265 998 369 1065 vicem
399 999 558 1066 obtinens.
612 1002 823 1069 subscribere
856 1003 935 1071 nihil
969 1004 1080 1070 dubito
1115 1004 1163 1070 eis
1196 1021 1281 1084 qnae

83 1103 184 1169 schol.
201 1102 228 1166 Τ
244 1102 288 1167 ad
311 1108 346 1168 X
360 1105 424 1168 379
447 1103 600 1169 adnotari
622 1105 736 1172 video:
762 1111 937 1192 σημειῶδες
961 1105 1010 1173 ὅτι
1033 1109 1088 1172 aar*
1109 1105 1282 1192 ἀκεφάλοις

82 1212 205 1291 χρῆται
230 1204 247 1270 ὃ
276 1204 427 1290 ποιητής,
462 1204 546 1270 ὥστε
581 1207 618 1272 ori
643 1213 695 1273 det*
726 1216 888 1294 περισπᾶν
922 1209 958 1277 τὸ
994 1212 1067 1297 pris
1100 1213 1281 1296 κασίγνητε.

83 1309 263 1373 Homerum
291 1307 461 1372 imitantur
490 1308 654 1377 Nicander
684 1312 781 1378 Ther.
810 1316 830 1378 3
860 1313 903 1378 in.
935 1312 1019 1400 (prl’
1048 1313 1282 1399 Ἑρμησιάνσξ)

84 1420 120 1478 et
141 1412 197 1491 qni
219 1410 335 1492 panxit
357 1410 475 1476 Kaibel
499 1413 562 1478 289
1084 1421 1093 1429 '

371 1517 469 1583 φεῑλος
488 1515 642 1586 edelmund
661 1518 763 1586 μηδενὶ
783 1519 986 1588 λειπόμενος.1)

83 1602 180 1668 Unde
211 1600 409 1666 disceremus
438 1601 502 1667 nisi
531 1602 662 1670 aliunde
693 1604 782 1689 (ΕΜ.
815 1607 955 1687 194,14
985 1605 1139 1673 Eustath.
1162 1610 1238 1691 458,
1262 1611 1283 1674 3

83 1706 128 1772 ad
152 1711 184 1771 A
200 1704 277 1789 155)
299 1704 364 1768 iam
387 1703 480 1771 nobis
504 1704 629 1770 dehac
652 1725 688 1771 re
711 1714 880 1775 constaret
902 1708 1004 1775 inisse
1027 1710 1114 1775 inter
1137 1709 1283 1776 Graecos

84 1811 141 1892 qui
171 1830 191 1876 a
218 1827 298 1875 sano
325 1808 380 1873 illo
411 1809 616 1891 grammatici
644 1810 763 1877 iudicio
794 1813 1000 1880 discederent
1031 1812 1151 1898 (veluti
1172 1813 1282 1879 Ptole·

84 1903 214 1979 meeum
237 1912 460 1978 Ascalonitam
490 1918 576 1979 teste
599 1913 751 1980 Eustath.
775 1918 849 1997 556,
874 1919 917 1981 34
946 1917 1001 1997 qui
1032 1917 1131 1982 etiam
1154 1923 1282 1981 nostra·

84 2017 166 2082 tium
190 2016 314 2096 aliquot
336 2015 495 2081 immerito
518 2017 645 2085 invenit
666 2019 910 2104 assentientes).

173 2119 274 2185 Verbi
311 2116 376 2184 lde
409 2119 567 2185 aoristum
601 2121 699 2185 medii
731 2121 862 2202 generis
896 2121 1018 2187 λύσθαι
1049 2121 1144 2189 brevi
1176 2120 1285 2189 vocali

85 2224 134 2290 uti
158 2228 288 2305 oportet
310 2241 382 2289 cum
406 2229 543 2305 propter
564 2224 722 2304 reliquam
744 2224 916 2289 flexionem
941 2224 1128 2309 (λελύσθαι)
1151 2229 1219 2289 tum
1244 2225 1284 2289 ob

85 2326 237 2392 similium
271 2325 355 2411 χύτο
386 2329 537 2413 ἔσσῠσσῖ)
572 2328 708 2393 similem
739 2328 998 2393 declinationem.
1049 2327 1194 2410 Quorum
1223 2327 1284 2393 hoc

88 2429 213 2510 iliens,
242 2429 321 2495 illud
344 2432 386 2496 36
409 2431 488 2496 locis
511 2432 669 2513 correptis
699 2431 867 2500 vocalibus
898 2432 985 2512 apud
1008 2431 1185 2497 Homerum
1207 2431 1283 2513 legi,

85 2538 238 2599 neutrum
268 2532 334 2598 ullo
363 2540 514 2614 porrecta
536 2535 574 2600 L.
599 2535 714 2618 Meyer
744 2535 839 2600 testis
870 2541 921 2600 est
950 2536 1028 2599 Aor.
1054 2536 1126 2599 118.
1172 2533 1284 2614 Ipsum

86 2636 206 2702 λύσθσι
230 2637 372 2702 occurrit
393 2637 514 2718 passim
537 2639 585 2704 ita
607 2638 640 2703 in
662 2656 762 2706 versu
790 2643 828 2703 ut
855 2637 896 2702 de
926 2636 1111 2717 quantitate
1141 2636 1285 2702 dubitari

85 2745 238 2821 nequeat,
262 2737 383 2825 ἐλῦμην
407 2746 438 2804 Φ
460 2740 547 2826 803)
572 2739 648 2807 trito
673 2768 693 2806 σ
716 2743 796 2822 212,
829 2738 905 2806 brito
932 2740 1074 2826 γούνατα
1105 2741 1160 2804 καί
1190 2745 1285 2826 φίλον

87 2837 167 2928 ἦτορ
190 2860 300 2923 saepe.
326 2879 365 2888 -
394 2845 507 2909 0435
538 2850 614 2910 λῦτο
637 2851 731 2911 extat
760 2846 794 2911 in
824 2846 892 2911 solo
923 2845 1032 2927 Cant,
1064 2843 1166 2910 ceteri
1194 2848 1285 2908 recte

86 2944 260 3027 porrigunt
293 2944 386 3009 λύντο
420 2944 566 3011 codicum
600 2966 761 3014 consensu
802 2947 966 3013 firmatum
1005 2953 1043 3012 H
1071 2950 1111 3013 16
1153 2944 1207 3031 (cf.
1238 2945 1284 3030 6),

88 3054 121 3113 11
151 3051 225 3113 341.
251 3084 291 3095 -
315 3054 392 3113 λῦτο
420 3049 455 3114 in
489 3050 594 3115 medio
624 3070 723 3118 versu
757 3051 951 3116 collocatum
981 3049 1058 3135 (Qu.
1081 3049 1147 3116 Sm.
1171 3050 1219 3117 VI
1242 3053 1286 3116 94

86 3153 142 3217 καὶ
173 3150 246 3216 τότε
274 3151 341 3215 λῦτ’
366 3135 467 3237 circei}
491 3153 573 3237 κτλ.)
604 3155 646 3218 ab
670 3154 805 3219 Homeri
827 3153 1024 3220 carminibus
1054 3153 1218 3233 abhorret,
1249 3158 1286 3217 at

85 3253 208 3337 legitur
236 3252 328 3318 initio
359 3253 543 3318 hexametri
569 3255 600 3318 Ω
630 3258 645 3319 1
671 3273 766 3335 quem
793 3256 933 3339 Quintus
962 3255 1144 3321 imitatione
1173 3272 1283 3336 perse·

87 3355 198 3437 quitur
221 3360 337 3436 aperta
364 3355 460 3421 simul
489 3361 524 3421 et
545 3356 667 3438 inepta.
713 3359 797 3424 Nam
827 3377 968 3439 quama
998 3357 1116 3423 ceteris
1146 3356 1284 3437 pedibus

87 3465 180 3525 arcet
199 3457 448 3540 productionem
471 3478 512 3525 ne
534 3460 568 3525 in
591 3460 727 3541 primam
755 3461 885 3542 quidem
914 3460 1084 3527 admisisse
1106 3460 1285 3526 Homerum

87 3563 177 3629 credi
209 3562 295 3627 lioet.
347 3563 418 3628 Nisi
450 3563 536 3629 forte
572 3564 692 3630 Casum
725 3565 914 3631 insimulare
949 3564 1076 3629 animus
1113 3562 1181 3628 fert
1211 3561 1285 3627 mhi

86 3665 219 3731 ludibrii
255 3683 318 3745 qno
351 3672 582 3751 γραμματικῶν
616 3671 734 3745 παῖδας
767 3667 949 3735 vexaverit.
999 3665 1072 3748 ligo
1106 3665 1147 3730 de
1180 3664 1285 3730 Casus

88 3780 138 3789 -ι

162 3821 180 3888 ¹)
199 3822 393 3891 ψῑλοκὺνηγος
411 3820 582 3891 1151551331,
600 3830 609 3875 1
630 3823 751 3878 brevium
765 3838 899 3879 concursu
917 3829 1064 3878 excusatur
1076 3821 1286 3890 (Philopolemus

88 3905 159 3959 liar.
179 3904 281 3962 Victor.
301 3907 400 3976 11119,
422 3909 485 3962 15Κ
504 3909 607 3979 [Hense
626 3909 695 3965 Iube
714 3910 769 3980 98].
804 3910 962 3981 φῑλόσσφος
988 3906 1110 3962 metricis
1130 3913 1173 3960 eet
1194 3918 1285 3958 exem·

87 3992 163 4059 plum
181 3992 413 4060 proceleumatici,
432 3995 667 4051 Hoerechelmann
685 3996 740 4050 Ein
758 4012 797 4063 gr.
817 3994 963 4050 Lehrbuch
981 3993 1031 4049 der
1048 3991 1152 4047 Metrik
1170 3991 1224 4060 41).

160 4082 180 4141 ¹)
200 4077 278 4133 Alius
302 4077 405 4132 ordinis
430 4087 472 4132 eet
490 4083 626 4149 ἄμπνῡιο
646 4082 808 4151 (monadum
828 4077 979 4147 natanto).
1015 4079 1058 4133 De
1075 4079 1210 4147 βουλῦτός
1229 4077 1286 4132 dixi

87 4178 114 4230 p.
128 4167 187 4216 ³21.
206 4162 319 4218 Pindari
332 4164 398 4217 λῠθι
417 4163 624 4233 (ΕΜ.114,50),
642 4164 762 4221 fortasse
783 4166 811 4220 in
824 4165 966 4233 veriloquii
979 4164 1095 4219 nominis
1108 4164 1286 4238 δῑθύραμρος

88 4249 207 4317 gratiam
237 4249 340 4304 ludicre
368 4250 472 4306 iactum
502 4251 665 4310 (Buttmann
683 4251 711 4307 ll
735 4266 757 4305 s.
776 4257 825 4318 n),
849 4251 903 4305 huo
926 4265 980 4304 non
1003 4251 1138 4319 pertinet,
1163 4249 1286 4319 quando·

88 4334 197 4404 quidem
216 4343 299 4391 aucta
318 4334 420 4390 radicis
439 4334 529 4390 iorme
553 4334 589 4390 ab
611 4335 766 4403 imperativi
788 4334 880 4390 indole
902 4350 958 4389 non
983 4335 1076 4390 aliena
1098 4334 1145 4403 (ci.
1165 4335 1287 4404 δίδωθι).

161 4424 181 4489 ⁸)
201 4445 210 4475 ι
230 4427 280 4475 loe
301 4419 426 4492 ttbpqr?
444 4420 522 4477 codd.
542 4423 659 4489 λῦόμην.

1074 4510 1138 4573 25*
