2956 5040
557 151 889 268 -roo-¹

70 392 107 453 et
128 390 374 473 καταφθιμένος
397 387 660 475 (καταφθιμένου
688 431 728 438 -
759 395 876 472 ζῶντος
898 394 1012 477 Eurip.
1042 395 1164 461 Electr.
1190 398 1272 481 2013

67 490 109 558 cs.
127 492 228 558 etism
245 495 318 560 229.
344 496 417 559 242.
442 495 521 580 288)
544 494 739 562 instructum
762 498 851 579 opud
867 496 1058 580 Sophoclem
1078 501 1190 584 Autig.
1208 505 1272 568 840

66 597 124 663 ubi
144 604 285 664 metrum
307 599 341 665 in
364 599 479 665 traditi
504 599 660 684 ὀλομέναν
682 601 789 667 locum
814 601 989 687 οὐλομέναν
1004 598 1158 671 substitdi
1180 605 1273 673 iubet

66 702 199 787 (oppos
224 704 403 789 ἐπίφαντον
432 704 453 768 1.
478 723 505 769 6.
536 705 718 787 interprete
748 706 847 773 schol.
875 707 1036 794 ὁρωμένην
1059 711 1115 774 καί
1139 712 1270 798 ζῶσαν).

66 807 146 874 Sine
170 808 238 874 ulls
260 827 361 874 causa
384 808 487 875 critici
510 809 647 876 formem
665 810 840 894 οὐλομέναν
862 811 1017 879 facillima
1032 814 1212 890 mutatione
1230 852 1268 862 —

66 912 96 978 si
120 913 251 994 quidem
273 914 355 979 haec
385 914 522 981 mutatio
546 914 734 981 mutationis
764 917 893 983 nomine
918 918 1046 984 omnino
1071 918 1171 1001 digno
1179 919 1204 1005 ¹)
1230 957 1269 966 —-

65 1014 240 1081 reductum
263 1015 432 1082 infestant.
470 1017 517 1082 Ut
538 1020 699 1098 μυδαλέας
722 1018 811 1102 (pag.
832 1023 909 1107 169)
933 1022 979 1087 sic
1004 1021 1176 1106 οόλόμενος
1192 1044 1269 1105 quo-

66 1138 132 1200 que
157 1119 193 1205 (=
216 1118 382 1205 ὀλόμενος)
405 1121 551 1204 tragicus
573 1129 692 1202 poetae
716 1123 807 1203 spico
832 1129 1003 1205 occeptum
1026 1124 1138 1191 refert.

157 1224 219 1290 His
253 1224 333 1290 locis
367 1226 500 1292 tertium
535 1227 657 1292 addere
695 1246 828 1308 possum
862 1228 1030 1310 Euripidis
1064 1230 1137 1311 Iph.
1170 1231 1269 1297 Tour.

68 1332 155 1396 1106
177 1348 249 1410 sqq.

418 1415 440 1470 u}
459 1420 558 1472 πολλαὶ
580 1416 710 1496 δακρύων
729 1419 852 1487 λιβιίδες,

421 1507 452 1558 αἳ
471 1506 611 1580 παρηίδας
631 1511 669 1565 ελς
689 1506 762 1576 ἐμὰς

419 1596 533 1656 ἔπεσον,
553 1594 640 1647 duona
663 1595 781 1667 πύργων

420 1684 582 1749 οὐλομένων
602 1685 648 1735 dui
670 1687 771 1734 ναυσὶν
790 1684 857 1751 έρλαν
1174 1688 1269 1756 11091)
1349 1742 1355 1759 ι

419 1772 564 1838 πολεμίων
583 1773 726 1841 ἐρετμοῖσι
747 1778 793 1824 καὶ
813 1771 929 1841 λόγχαις

64 1877 123 1942 ubi
154 1873 319 1941 sententie
349 1873 506 1939 soristum
536 1872 604 1956 (vel
635 1874 832 1960 perfectum)
867 1877 974 1957 poscit
1013 1879 1180 1945 ‘uochdem
1216 1880 1269 1946 die

64 1982 206 2046 Mouern
223 1979 386 2062 gesolleu'.
412 1978 459 2045 ef.
476 1979 595 2044 Trood.
613 1982 676 2045 595
694 1999 740 2060 sq.
760 1982 892 2065 σχέτλια
911 1981 986 2047 τάδε
1003 1981 1172 2068 πάσχομεν
1188 1984 1268 2072 ἄλγη

67 2087 242 2170 οἰχομένας
257 2084 422 2171 (perfeci.)
440 2084 569 2162 πόλεως.
597 2087 680 2150 1079
698 2085 810 2162 πόλεος
828 2084 982 2167 ὀλομένας
999 2087 1131 2170 (Aesch.
1151 2089 1267 2170 Agem.

68 2194 154 2257 1121
196 2190 312 2268 πόλεος
347 2188 502 2273 ὀλομένας
542 2187 577 2254 τό
616 2195 688 2254 πᾶν.
736 2189 849 2271 1111111).
887 2190 994 2255 Ol'est.
1029 2194 1112 2257 1383
1148 2189 1267 2280 [Ἴλιον]

66 2297 248 2383 ὀλόμενον).

156 2402 265 2468 Minus
289 2408 413 2468 certum
437 2401 620 2483 exemplum
643 2405 805 2479 quartum,
830 2402 864 2461 et
886 2396 992 2477 ipsum
1011 2397 1179 2479 Euripidis
1195 2400 1266 2482 Iph.

65 2506 144 2572 Aul.
169 2508 233 2571 790
257 2524 326 2586 sqq.

418 2598 459 2650 τίς
478 2591 535 2662 ἄρα
553 2590 584 2661 μ’
602 2589 802 2662 εὐαλοκιύμους
822 2588 913 2656 νόμας

415 2680 492 2751 ῥῦμα
512 2679 652 2749 δακρυόεν
671 2681 793 2737 τανύσας

417 2765 553 2838 πατρίδος
574 2770 730 2837 οὐλομένας
750 2767 918 2824 ιιίιολωτιεῑς

64 2877 131 2938 quo
153 2857 225 2922 loco
249 2854 424 2937 ὀλλυμένας
455 2856 541 2935 quod
564 2853 727 2920 Erfurdtii
749 2853 968 2919 coniecturam
996 2853 1100 2919 secuti
1124 2854 1266 2921 editores

63 2962 100 3028 in
139 2962 242 3029 verba
279 2964 397 3042 poetae
431 2960 614 3026 intulerunt
651 2957 835 3024 sententiae
870 2962 983 3038 aptum
1018 2957 1120 3044 οὐού)
1156 2963 1192 3024 at
1224 2979 1266 3025 ue

64 3064 210 3131 doristus
245 3064 374 3145 quidem
408 3063 581 3146 οὐλομένας
610 3065 710 3129 habet
744 3081 805 3142 quo
836 3061 869 3126 iu
903 3063 964 3126 hac
996 3062 1158 3128 enuntiati
1191 3083 1265 3129 cou-

64 3169 261 3243 formatioue
298 3169 369 3234 iure
407 3168 581 3234 offendaris
619 3165 792 3252 (πατρίδος
827 3165 982 3249 ὀλομένας
1014 3196 1037 3221 =
1072 3170 1178 3236 ‘worm
1213 3169 1265 3235 die

63 3273 263 3340 Vaterstadt
285 3271 428 3355 gefailen
452 3271 521 3337 sein
545 3270 663 3357 wird').
813 3355 819 3364 ,

155 3377 320 3460 Quattuor
355 3375 469 3440 aoristi
501 3376 585 3441 med.
620 3374 790 3459 οόλόμενος
828 3375 979 3456 exemplu
1016 3393 1089 3439 sese
1126 3376 1279 3445 invicem

64 3486 202 3548 tuentur
225 3485 260 3545 ct
288 3481 403 3545 merito
427 3482 594 3562 postulare
618 3481 772 3549 uidentur
794 3480 916 3546 iniusto
943 3479 1126 3545 criticorum
1154 3500 1264 3562 perse-

64 3585 196 3652 cutione
220 3584 358 3667 expulsa
381 3588 418 3650 ut
441 3585 638 3666 postliminio
660 3585 693 3650 in
717 3605 810 3650 suam
838 3585 1040 3650 reducantur
1062 3584 1183 3650 sedem.
1225 3587 1264 3652 In

63 3690 127 3755 hac
162 3689 247 3755 enim
281 3708 390 3755 rerum
425 3689 613 3755 condicione
652 3707 692 3755 ex
730 3709 803 3754 mea
841 3688 969 3770 quidem
1009 3688 1173 3755 sententia
1210 3690 1265 3772 qui

138 3880 156 3948 Ι)
175 3877 253 3934 Libri
272 3881 299 3934 in
318 3880 362 3933 his
380 3879 567 3949 similibusque
586 3880 672 3935 mults
691 3887 818 3949 peccant;
837 3877 872 3935 cf.
890 3893 953 3946 pag.
974 3884 1033 3933 203.

135 3967 157 4034 ι)
180 3972 245 4020 1100
264 3991 293 4011 ω
316 3972 381 4020 1092
400 3968 549 4026 εὐξύνετον
568 3968 707 4026 ξυνετοῖσι
727 3970 808 4038 βοάν.
835 3970 999 4037 οὐλομένων
1019 3968 1047 4021 (λ.
1068 3969 1214 4030 ὀλομένων
1232 3968 1263 4026 Β.

63 4057 227 4125 ὀλλυμένων
247 4054 391 4110 Erfurdtio
410 4063 522 4110 auctore
540 4055 667 4111 editores.
702 4060 739 4109 At
757 4054 911 4122 proesentis
931 4056 1049 4123 ὄλλυμαι
1068 4053 1207 4121 participii
1225 4055 1264 4108 sic

61 4144 121 4200 vics
140 4144 239 4200 coristi
257 4145 313 4210 (vel
330 4144 460 4213 perfecti)
486 4145 625 4214 fungentis
644 4143 771 4211 exemplo
795 4157 846 4210 ego
864 4157 919 4195 non
939 4142 1001 4195 novi
1020 4143 1160 4209 (proesens
1178 4142 1264 4198 histo·

63 4233 150 4287 ricum
165 4248 284 4301 agnosco
303 4234 398 4302 Eurip.
417 4234 479 4287 Hel.
502 4239 558 4288 101,
578 4233 640 4297 361)
657 4246 745 4300 noque
764 4231 891 4296 Krueger
908 4228 993 4282 Diali.
1012 4229 1083 4298 §ou
1105 4235 1127 4296 1,
1145 4235 1160 4283 3
1180 4230 1264 4286 hebet

62 4327 177 4389 praeter
195 4319 262 4379 Eur.
281 4321 342 4389 Iph.
360 4320 443 4375 Tuur.
465 4326 531 4374 1106
551 4323 670 4395 πύργων
689 4322 851 4388 ὀλλυμένων
868 4315 941 4384 quod
965 4332 1067 4384 prosse
1089 4319 1263 4374 coniecturae

62 4409 188 4464 debetur.

137 4501 158 4565 ⁸)
177 4497 212 4551 ci.
231 4512 273 4551 ex.
291 4514 332 4565 gr.
352 4497 478 4568 Aeschyl.
498 4497 572 4563 Sept.
592 4503 651 4550 311.

1051 4584 1113 4647 13*
