2940 5026
516 1087 655 1186 Liber
686 1088 817 1185 alter.

154 1300 344 1368 Praetenda
367 1299 535 1382 praefatos
558 1305 593 1366 et
615 1318 712 1365 cursu
735 1299 925 1382 disputandi
940 1317 978 1365 eo
1001 1299 1156 1365 reductos
1178 1297 1266 1364 unde

66 1407 205 1489 proiecti
236 1424 348 1472 sumus
377 1405 442 1471 iam
473 1409 602 1486 tempus
630 1409 682 1470 est
704 1404 747 1470 ad
769 1404 930 1486 idipsum
960 1404 1047 1485 qnod
1075 1402 1151 1469 huic
1180 1421 1263 1468 com-

69 1511 262 1578 mentationi
285 1510 485 1593 propositum
509 1509 636 1593 accingi
658 1510 894 1592 exequendum.

155 1617 266 1682 Verba
298 1614 446 1681 facturus
480 1633 552 1680 sum
586 1615 628 1680 de
657 1615 858 1698 syllabarum
893 1632 976 1696 quas
1010 1632 1088 1680 usus
1123 1616 1158 1678 et
1190 1629 1262 1677 cou-

62 1722 207 1789 suetudo
238 1722 328 1788 vitae
357 1723 475 1787 breves
503 1739 576 1786 esse
599 1720 715 1788 volunt
737 1719 1023 1802 productione
1052 1739 1074 1786 a
1095 1715 1202 1800 poetis
1224 1717 1264 1781 ob

62 1831 243 1892 metrum
266 1825 419 1891 admissa.
464 1824 504 1891 lu
527 1824 598 1906 ipso
620 1823 731 1891 limine
753 1823 868 1889 audire
891 1823 1006 1891 videor
1026 1822 1060 1890 in
1086 1824 1173 1889 hunc
1194 1821 1264 1888 iere

62 1930 197 1996 modum
220 1929 463 2011 obloquentem:

154 2033 202 2100 Ut
224 2033 283 2100 tibi
310 2032 525 2100 concesserim
547 2037 663 2114 poetas
693 2032 843 2101 versibus
867 2032 934 2100 suis
960 2030 1139 2099 inseruisse
1166 2049 1264 2099 voces

61 2137 219 2205 inhabilis
242 2143 276 2204 et
298 2158 319 2204 e
341 2139 437 2204 metri
459 2138 533 2221 lege
556 2137 761 2204 abhorrentis
784 2157 973 2205 mensurae:
1009 2137 1070 2204 hoc
1092 2141 1207 2203 contra
1229 2141 1264 2203 te

61 2241 201 2307 intendo
225 2260 281 2308 eos
303 2241 337 2307 in
367 2242 429 2308 hac
451 2261 488 2308 re
515 2242 562 2309 sic
589 2250 740 2312 versatos
770 2263 860 2327 esse,
892 2251 928 2312 ut
957 2243 1156 2311 necessitate
1186 2240 1265 2307 victi

62 2346 98 2411 in
114 2345 240 2428 dactyli
261 2346 367 2411 locum
381 2345 528 2427 tribueri,
552 2347 585 2412 in
601 2348 778 2416 choriambi
797 2369 924 2432 paeone
939 2350 1061 2436 (ων-1,
1084 2348 1118 2415 in
1134 2345 1265 2413 molossi

62 2449 170 2516 uicem
193 2448 312 2515 cretico
335 2448 521 2515 substitutis
544 2456 683 2517 metrum
701 2457 736 2517 et
756 2454 944 2537 rhythmum
959 2453 1167 2534 aliquatenus
1190 2470 1273 2533 pes,

64 2573 137 2619 sum
167 2553 248 2619 dare
277 2552 422 2635 mallent
455 2573 552 2634 quem
575 2555 617 2620 ab
647 2574 708 2622 usu
737 2557 896 2624 sermonis
926 2557 1132 2624 discedentes
1158 2557 1264 2639 ipsam

64 2658 297 2726 vocabulorum
332 2657 481 2725 versibus
514 2660 744 2727 resultantium
779 2663 997 2744 quantitatem
1027 2663 1071 2729 ed
1104 2661 1200 2729 metri
1229 2666 1265 2727 et

63 2763 210 2848 rhythmi
239 2782 384 2830 normam
415 2763 549 2846 exigere
574 2765 741 2833 vocalibus
768 2767 922 2834 brevibus
944 2767 1030 2834 iuter
1059 2767 1264 2834 recitandum

62 2866 331 2951 pronuntiatione
354 2867 522 2948 porrectis.
882 2889 885 2892 ⁴

153 2971 213 3038 Cui
234 2971 268 3037 in
290 2973 375 3037 hanc
397 2971 594 3039 sententiam
618 2972 800 3055 disputanti
820 2992 1014 3056 responsum
1036 2979 1188 3057 peretum
1211 2981 1265 3042 est

62 3095 125 3143 nec
158 3076 382 3159 longinquitus
415 3076 639 3158 repetendum.
694 3077 779 3160 Quid
814 3077 848 3143 in
882 3078 944 3144 hac
977 3097 1015 3144 re
1048 3078 1112 3161 ipsi
1144 3086 1263 3163 poetae

63 3181 170 3248 secuti
199 3180 279 3261 sint,
313 3199 378 3246 non
408 3179 539 3246 aliunde
562 3180 733 3281 diiudicari
762 3165 872 3263 potest
894 3202 992 3263 quam
1022 3201 1064 3249 ex
1086 3184 1263 3251 traditione
1292 3205 1301 3225 ⁴

63 3293 98 3352 et
120 3285 338 3351 recentiorum
363 3284 614 3367 consuetudine,
646 3304 783 3366 quarum
813 3286 1000 3354 testimonia
1029 3288 1058 3354 si
1087 3288 1157 3355 lere
1186 3308 1260 3356 con-

63 3390 193 3472 spirare
224 3389 441 3471 intellexeris,
476 3389 570 3456 nefas
605 3389 669 3456 erit
701 3390 762 3456 nisi
797 3391 1001 3473 gravissimis
1035 3394 1142 3460 causis
1177 3414 1260 3461 com·

62 3500 187 3561 motum
220 3495 336 3560 harum
371 3500 484 3577 partes
518 3494 672 3561 deserere
702 3500 737 3562 et
769 3496 875 3578 poetis
905 3498 1081 3564 obtrudere
1111 3517 1197 3565 nova
1227 3503 1262 3564 et

60 3598 213 3664 inaudita
235 3604 270 3664 et
290 3598 392 3680 ipsius
415 3599 621 3680 antiquitatis
644 3599 838 3666 testimoniis
862 3600 1031 3668 destituta.

151 3703 261 3768 Primo
285 3702 496 3769 conferantur
519 3704 658 3785 quaein
687 3704 874 3771 universum
903 3703 1054 3770 edisserit
1084 3703 1260 3787 Dionysius

61 3809 232 3876 Habeam.
256 3808 297 3872 de
320 3808 552 3889 compositione
583 3810 754 3876 verborum
786 3826 857 3888 cap.
880 3807 932 3872 XI
955 3809 998 3873 ad
1027 3809 1112 3874 hanc
1134 3827 1261 3891 quoque

60 3913 288 3995 quaestionem
310 3911 483 3995 facientia,
514 3932 709 3994 quamquam
732 3914 787 3980 illo
816 3915 886 3980 loco
910 3934 973 3982 non
1005 3917 1045 3981 de
1067 3916 1138 3999 ipso
1161 3936 1260 3985 versu

60 4017 192 4084 heroico
223 4035 329 4083 sermo
361 4021 428 4082 est:
465 4015 522 4095 τὰς
552 4019 653 4096 λέξεις
684 4031 751 4096 τοῖς
780 4021 912 4101 μέλεσιν
942 4019 1132 4086 ὑποτάττειν
1163 4020 1259 4104 ἀξιοῖ,

61 4123 119 4186 κατ’
143 4118 181 4185 οὐ
204 4118 244 4185 τὰ
268 4122 349 4207 μέλη
372 4132 446 4198 ταῖς
469 4123 601 4202 aegeon,
625 4123 667 4201 ὥς
691 4127 723 4201 ἐξ
752 4125 856 4190 ἄλλων
879 4132 1064 4200 renoldum
1088 4131 1185 4213 δῆλον
1207 4132 1262 4196 κατ’

58 4224 207 4306 μάλιστα
236 4228 299 4289 τῶν
322 4222 503 4306 Εὐριπίδου
532 4232 654 4307 μελῶν,
687 4228 706 4292 ἃ
735 4231 887 4315 πεποίηκε
919 4227 977 4316 τὴν
1005 4229 1178 4318 Ἠλέκτραν
1208 4238 1259 4300 λε’-

58 4356 185 4416 yovouu
212 4331 245 4394 ἐν
267 4328 397 4420 Ὀρέστῃ
428 4327 507 4414 πρὸς
538 4329 594 4398 τὸν
621 4331 731 4418 χορόν.
757 4372 797 4380 -
822 4331 858 4400 τὸ
890 4332 921 4398 d’
946 4333 1024 4402 αὐτὸ
1052 4338 1176 4421 γίνεται
1205 4340 1261 4405 καί

60 4436 138 4521 περὶ
161 4432 236 4512 τοὺς
259 4434 415 4519 ῥυθμούς·
440 4436 459 4522 ἦ
481 4436 625 4523 μὲνγὰρ
649 4435 727 4525 πεζὴ
753 4440 836 4517 λέξις
861 4437 987 4518 οὐδενὸς
1011 4439 1080 4506 οὔτ’
1100 4440 1257 4524 ὀνόματος
