2940 5026
667 189 859 253 ..2-

163 378 398 444 Praetulerunt
430 377 531 458 igitur
563 397 680 442 nomen
714 380 852 443 reticere
887 377 1069 457 exemplum
1099 377 1205 442 secuti
1237 379 1361 444 Arche·

101 554 104 559 ,
163 482 260 547 strati
283 482 396 566 (Mein.
419 483 481 546 An.
506 480 558 545 Al.
583 482 671 566 261),
697 499 792 561 quern
815 499 874 546 suo
995 545 996 549 ,

371 587 480 656 ἰχθύος,
501 583 535 642 ὃν
554 590 584 638 e'r
602 594 697 657 μέτρῳ
719 588 752 641 ori
771 592 857 655 θέμις
877 591 968 639 εἰπεῖν
986 583 1030 654 (fr.
1051 589 1091 652 119,
1111 589 1126 636 8
1146 584 1264 654 Brandt)

162 674 287 740 Lucilio
312 673 379 758 (lib.
404 672 452 738 VI
475 676 516 739 38
541 693 588 754 sq.
613 673 663 738 ed.
687 673 725 739 L.
750 673 902 760 Mueller)

372 777 453 833 festu’
473 779 532 832 dies

370 881 449 934 quem
469 866 552 934 plane
571 865 732 919 hexametro
750 882 829 921 versu
847 882 902 920 nou
922 867 1012 921 dicere
1031 865 1118 932 possis

162 962 195 1020 et
219 954 356 1019 Horatio
380 952 448 1019 Sat.
473 953 491 1017 I
513 956 544 1034 5,
569 955 608 1020 87

370 1056 492 1111 mansuri
511 1054 642 1122 oppidulo
661 1055 733 1123 quod
751 1069 832 1110 versu
852 1055 942 1110 dicere
960 1072 1014 1110 nou
1034 1063 1076 1109 est

161 1145 256 1226 quasi
289 1144 470 1226 praeivisse
504 1144 538 1208 in
568 1142 742 1224 propatulo
776 1151 837 1208 est.
890 1142 1024 1209 Habent
1057 1161 1142 1223 quae
1176 1144 1360 1225 comparari

161 1255 284 1329 queant
306 1255 341 1312 et
364 1247 473 1315 Ovidii
494 1247 559 1312 iam
582 1246 719 1311 laudata
749 1246 891 1327 epistula
921 1265 1018 1326 quam
1049 1264 1090 1311 ex
1120 1246 1227 1312 Ponto
1258 1246 1360 1313 dabat

161 1353 203 1418 ad
227 1352 424 1418 Tuticanum
448 1358 482 1416 et
504 1370 635 1418 carmen
659 1370 679 1416 a
702 1349 847 1416 Martiali
874 1368 976 1432 puero
1004 1351 1177 1432 scriptum,
1210 1358 1359 1435 tempora

160 1457 213 1522 cui
236 1474 352 1521 nomeu
376 1474 479 1522 verna
502 1455 624 1520 dedere
648 1452 713 1538 (IX
738 1456 787 1534 12,
811 1455 864 1540 4):

509 1558 615 1613 Nomen
633 1557 725 1612 nobile
744 1557 828 1612 molle
847 1558 996 1613 delicatum

509 1645 598 1699 Versu
617 1644 707 1700 dicere
726 1661 782 1699 non
801 1643 863 1698 rudi
881 1644 1019 1700 volebam:

511 1731 566 1788 Sed
584 1742 614 1787 tu
632 1730 741 1803 syllaba
758 1740 908 1787 contumax
926 1745 1072 1798 repugnas.

508 1821 611 1875 Dicunt
629 1818 763 1875 Eiarinon
781 1827 875 1874 tamen
893 1825 993 1885 poetae

510 1906 563 1961 Sed
583 1905 690 1975 Graeci,
701 1912 723 1973 ¹)
742 1906 842 1975 quihus
860 1915 903 1960 est
921 1904 990 1959 nihil
1010 1912 1140 1973 negatum

508 1995 546 2048 Et
564 2010 632 2062 quos
646 1992 726 2067 Ἀρες
743 1997 822 2067 Ἆρες
841 1991 920 2047 decet
938 2006 1046 2049 sonare.

507 2078 666 2159 Nobis0non
686 2078 750 2134 licet
768 2093 828 2133 esse
846 2087 905 2133 tam
924 2075 1035 2132 disertis

508 2167 560 2234 Qui
578 2168 674 2222 Musas
692 2166 806 2220 colimus
825 2165 975 2221 sereniores
993 2163 1042 2231 (IX
1064 2169 1103 2232 11,
1125 2171 1156 2218 10
1174 2168 1252 2235 squ).

246 2273 397 2356 Dispexit
434 2272 556 2354 aliquid
591 2272 662 2339 veri
700 2271 889 2340 obvolutum
924 2277 1034 2336 tamen
1064 2271 1205 2351 quadam
1237 2272 1357 2339 vitiosa

158 2379 414 2462 exaggeratione
438 2379 479 2445 de
502 2377 740 2460 discrepantia,
772 2395 856 2458 quae
886 2377 1107 2443 intercederet
1135 2376 1241 2459 ipsum
1270 2377 1357 2444 inter

158 2486 192 2545 et
214 2480 359 2547 Graecos
383 2483 416 2547 in
439 2482 559 2547 talibus
590 2482 696 2546 miuus
726 2479 947 2565 religiosos,²)
972 2480 1080 2560 epicos
1104 2487 1193 2547 certe
1217 2487 1252 2546 et
1278 2500 1355 2562 quo·

228 2724 248 2788 ι)
266 2722 373 2777 Nomen
392 2724 531 2793 Elapsum
548 2736 599 2776 nos
617 2734 726 2789 quoque
745 2720 862 2789 legimus
880 2718 980 2776 Kaibel
998 2736 1040 2777 nr.
1060 2727 1110 2775 515
1138 2731 1192 2776 non
1218 2722 1308 2778 solum
1326 2724 1355 2777 iu

156 2809 223 2878 ipsis
241 2808 372 2876 versibus,
391 2808 542 2865 sedetiam
561 2808 590 2862 in
609 2808 648 2863 eis
666 2821 737 2876 quas
755 2806 836 2863 titulo
855 2806 968 2862 matrico
988 2823 1072 2877 prosa
1091 2810 1216 2864 oratioue
1234 2825 1354 2879 compre·

156 2897 242 2952 hensa
260 2896 433 2966 praescripta
451 2904 523 2952 sunt.

227 2988 248 3051 1)
267 2984 329 3039 Nou
348 2982 429 3037 modo
448 2983 476 3037 in
496 2980 643 3049 fabulosis,
666 2997 760 3036 verum
784 2997 819 3038 ue
837 2983 865 3037 in
883 2983 967 3038 certis
985 2981 1095 3052 quidem
1113 2992 1250 3038 certorum
1269 2984 1355 3039 homi·

156 3086 221 3125 num
250 3072 407 3126 nominibus
437 3069 536 3125 Graeci
565 3074 667 3138 poetae
694 3087 711 3124 a
740 3069 866 3126 sollemni
894 3071 1073 3140 legitimaque
1099 3069 1191 3126 forma
1215 3070 1355 3128 discedere

156 3157 234 3213 netas
248 3157 358 3225 habeut,
377 3159 400 3212 si
418 3157 491 3213 forta
503 3157 588 3212 aliam
607 3156 799 3213 subministrat
811 3157 934 3214 versibus
953 3159 1089 3228 aptiorem
1108 3165 1157 3213 aut
1174 3158 1354 3215 dialectorum

154 3247 275 3303 varietas
294 3255 344 3302 aut
363 3247 491 3316 analogia
516 3254 696 3315 cognatorum
719 3247 774 3303 sire
797 3247 973 3317 aliquatenus
996 3247 1126 3302 similium
1149 3246 1354 3305 vocabulorum.

155 3333 238 3388 Velut
264 3332 386 3389 Pindaro
413 3332 521 3397 tlsthm.
546 3332 600 3402 ΙΙ.)
626 3331 698 3388 idem
725 3333 807 3389 homo
835 3351 858 3386 v.
890 3341 920 3388 lt
950 3336 1126 3407 Ξενοκράτης
1153 3333 1244 3403 audit,
1278 3335 1355 3390 cuius

155 3435 254 3474 nomen
272 3437 296 3478 v.
310 3426 343 3474 311
357 3435 392 3474 ex
405 3421 544 3488 epicorum
558 3436 608 3475 usu
626 3420 727 3475 vocalis
739 3419 946 3487 productionem
965 3421 1115 3489 assumpsit
1126 3421 1353 3490 (Ξεινοκράτης).

155 3504 231 3562 Idem
259 3508 405 3563 observare
432 3507 496 3562 licet
524 3507 553 3560 in
580 3507 675 3562 eodem
704 3508 814 3561 nomine
839 3506 938 3563 Kaibel
964 3513 1046 3562 totta.
1073 3512 1111 3575 (p.
1131 3507 1210 3574 XVI)
1235 3510 1279 3562 cui
1297 3510 1353 3576 epi·

154 3594 302 3661 grammati
314 3592 418 3647 Thebis
431 3600 541 3660 reperto
554 3593 782 3660 praescribuntur
795 3593 850 3648 tria
864 3594 976 3648 nomina
990 3596 1164 3662 Ξενοκράτης
1178 3597 1354 3664 Θεόπομπος

155 3687 319 3742 Μνασίλαος
338 3696 453 3748 quorum
472 3681 589 3748 primum
609 3680 726 3734 recurrit
744 3696 769 3735 r.
788 3685 804 3732 1

419 3769 606 3836 Ξεινοκράτης
625 3768 732 3836 κλᾰρωι
750 3770 822 3832 Ζηνὶ
843 3769 968 3839 τρόπαια
987 3773 1088 3841 φέρειν

155 3857 245 3912 forms
272 3864 388 3913 externa
414 3854 569 3924 paullulum
597 3854 752 3911 immutata.
797 3856 972 3927 Ξενοκράτης
1000 3855 1119 3911 Boeotos
1145 3869 1255 3923 pugnae
1280 3855 1354 3924 apud

154 3943 274 3999 Leuctra
294 3945 454 3999 commissae
472 3944 645 3998 interfuerat.
682 3941 920 4014 Ποσειδωνίῳ-
941 3958 1023 4011 quam
1048 3959 1140 3998 reram
1164 3943 1280 3998 nominis
1299 3942 1354 3997 for·

154 4028 226 4085 mam
252 4030 337 4086 fumas
360 4032 534 4100 praescripta
558 4029 657 4085 docent
674 4059 705 4069 -
724 4045 785 4085 cum
812 4030 900 4085 vocali
928 4045 1006 4086 mora
1033 4029 1191 4085 detrahitur
1216 4030 1245 4083 in
1274 4045 1354 4085 versu

155 4118 661 4187 (1111111111111111111111103.1111111.
684 4115 806 4170 181911
829 4118 868 4184 15)
887 4115 996 4173 adscita
1019 4116 1131 4172 exiliore
1153 4116 1235 4171 huius
1259 4117 1354 4184 stirpis

152 4205 243 4273 specie
253 4205 457 4272 (Ποσῐδώνιος)
471 4220 553 4271 quam
571 4202 711 4274 cognitam
723 4205 823 4260 habuit
839 4205 1046 4273 epigrammatis
1059 4210 1155 4259 auctor
1168 4219 1203 4259 ex
1215 4203 1353 4258 homerico

152 4294 316 4359 Ποσὶδήιον
335 4300 363 4346 et
383 4299 447 4344 noto
466 4295 647 4347 Anacreontis
669 4294 791 4348 carmine
815 4292 887 4360 quod
906 4292 1002 4361 incipit
1019 4306 1034 4346 e
1053 4290 1143 4346 verbis
1160 4299 1226 4361 μεὶς
1244 4295 1304 4363 μὲνΙ
1321 4292 1352 4359 ὣ)

153 4377 321 4446 Ilouadqmta
340 4378 386 4448 (cf.
406 4377 544 4432 Prelluitz
563 4379 618 4436 ΒΒ.
632 4379 672 4432 lx
692 4382 765 4447 329).
797 4378 897 4434 Kaibel
916 4395 958 4438 nr.
970 4383 1020 4432 sla
1037 4378 1150 4436 exhibet
1161 4379 1273 4435 titulum
1292 4380 1353 4449 Syri

153 4468 291 4524 inventum
310 4468 387 4523 cuius
407 4466 514 4521 initium
534 4467 587 4521 huc
604 4467 772 4522 transscribo
