2956 5040
557 233 794 298 -197-

69 417 223 503 ’ὀλέθρου
247 419 347 498 ἄξιοί
371 459 411 469 -
435 421 591 504 explicari
615 421 734 488 debere
758 423 892 514 enponit¹
914 423 1060 490 Classen.
1093 425 1186 508 Quod
1210 426 1271 492 hoc

68 524 278 608 participium
301 525 421 591 sensim
438 546 459 592 a
480 526 637 608 primaria
652 532 686 593 et
707 527 838 610 lugubri
862 513 919 595 rod
938 527 1119 594 ἀπολέσθαι
1135 530 1269 597 notione

68 629 275 710 aliquantum
306 628 432 695 remisit
461 628 527 714 (ex.
551 649 600 713 gr.
625 628 657 701 Ξ
680 632 730 696 84.
763 630 884 717 ρ484)
914 650 975 697 nec
1005 651 1070 699 non
1101 634 1142 699 de
1172 635 1270 700 rebus

67 733 262 817 perniciosis
300 740 399 815 atque
436 734 563 818 perosis
602 754 684 816 quas
721 734 868 802 homines
907 755 925 801 e
963 737 1083 803 mundo
1122 737 1270 807 funditus

66 838 218 905 sublatas
242 839 358 906 volunt
380 838 480 923 (zum
510 840 646 906 Houker
674 841 877 926 wttnschen')
902 841 1033 923 dicitur,
1064 861 1130 909 non
1153 843 1269 911 mirum

67 950 137 1025 est,
168 943 705 1025 quandoquidem-execrationum
735 964 818 1027 quas
848 964 954 1012 sermo
985 946 1155 1014 familiaris
1184 949 1270 1015 solet

66 1047 227 1114 adamare
257 1048 352 1114 etin
382 1047 506 1114 deliciis
535 1049 658 1116 habere
688 1049 738 1117 vis
769 1056 803 1116 et
832 1050 982 1135 gravitas
1011 1051 1176 1133 frequenti
1206 1072 1267 1120 usu

66 1150 137 1218 fere
161 1152 353 1218 debilitatur
375 1156 410 1217 ot
431 1150 634 1219 obscuratur.
643 1153 670 1240 ¹)
1321 1157 1323 1161 ’

155 1261 259 1343 γῆρας
287 1254 461 1338 ου’λόμενον
486 1256 587 1340 igitur
616 1264 668 1324 esi
696 1264 799 1345 γῆρας
823 1260 839 1327 ό
863 1260 1017 1329 ἀπόλοιτο
1049 1261 1151 1345 (quod
1182 1263 1270 1330 absit

66 1364 108 1429 ab
140 1361 307 1428 hominum
341 1366 430 1427 sorte
460 1366 495 1427 et
528 1362 748 1449 condicione);
784 1367 963 1448 eademque
992 1367 1121 1433 ratione
1155 1371 1268 1432 cetera

64 1467 163 1534 huius
185 1465 351 1549 participii
372 1485 445 1532 cnm
460 1466 643 1534 nominibus
666 1471 830 1538 coniuncti
846 1472 996 1555 exempla
1017 1472 1268 1554 interpretanda

64 1580 161 1641 sunt:
197 1572 285 1653 quod
318 1591 415 1653 quam
446 1577 525 1654 apte
553 1573 626 1656 fiat,
663 1575 803 1642 doceant
832 1576 958 1658 aliquot
986 1576 1132 1660 ipsorum
1163 1575 1266 1643 Grae-

64 1696 177 1744 corum
201 1676 273 1743 loci.
319 1675 401 1742 κατὰ
425 1676 574 1759 κυμάτων
597 1680 687 1764 ἔρροι
718 1677 766 1756 (τὸ
790 1684 904 1766 γῆρας)
935 1680 1048 1763 Eurip.
1080 1681 1178 1749 Herc.
1202 1680 1265 1746 fur.

64 1786 131 1850 650
154 1801 203 1863 sq.
248 1782 302 1847 Ad
332 1783 400 1863 ἔριν
420 1780 550 1860 (στάσιν
582 1787 690 1866 μῆνιν)
722 1781 895 1870 οὐλομένην
922 1784 962 1849 cf.
993 1785 1038 1863 ιός
1069 1786 1135 1870 ἔρις
1165 1786 1198 1851 ἔκ
1233 1812 1268 1850 τε
1306 1808 1309 1813 ·

64 1891 151 1953 θεῶν
174 1887 208 1952 ἔκ
232 1885 259 1952 τ’
284 1884 463 1971 ἀνθρώπων
491 1884 646 1953 ἀπόλοιτο
675 1892 704 1952 Σ
732 1891 810 1971 107;
841 1888 977 1957 α’πόλοιο
1005 1890 1075 1978 δῆτ’
1099 1884 1123 1958 ai
1147 1892 1266 1973 πόλεμε

63 1992 233 2074 Aristoph.
256 1991 340 2058 Nub.
365 1994 385 2058 6
408 1990 550 2077 (ὄλοιντο
573 1991 688 2076 λόγχαι
711 1992 823 2075 Eurip.
840 1993 912 2076 Iph.
929 1995 1003 2061 Aul.
1021 1996 1111 2081 658).
1143 1999 1267 2062 Πενίαν

64 2095 242 2182 οὐλομένην
271 2096 417 2162 illustrat
442 2096 634 2178 Chremylus
665 2096 895 2179 Aristophanis
923 2099 1010 2165 Plut.
1040 2121 1071 2168 v.
1095 2103 1159 2167 592
1184 2100 1265 2167 ἀλλὰ

63 2201 104 2265 σε’
125 2199 155 2285 γ’
180 2199 196 2264 ό
226 2197 310 2276 Ζεός
341 2200 499 2277 ἔξολέοειε
533 2200 592 2286 (sc,
624 2201 760 2280 Πενίαν)
791 2207 825 2267 et
854 2222 885 2268 v.
917 2204 981 2269 598
1014 2201 1094 2269 ἀλλὰ
1127 2207 1265 2291 φθείρου

61 2304 285 2390 (decadem).
907 2302 911 2309 ’

150 2410 216 2474 Pro
240 2408 389 2490 optativo
413 2390 606 2476 execrantes
630 2409 729 2475 etiam
752 2408 861 2476 futuro
893 2408 1091 2477 ἀπολεῖσθαι
1115 2418 1262 2496 utuntur,
1363 2450 1369 2461 ·

59 2517 123 2581 hoc
146 2520 293 2595 tempore
318 2514 411 2595 quasi
427 2519 550 2580 certam
574 2532 665 2594 spem
693 2532 765 2579 esse
788 2513 971 2580 indicantes
997 2514 1087 2580 illum
1110 2516 1143 2582 in
1167 2537 1262 2598 quem

59 2621 152 2687 diras
167 2619 292 2685 iaciunt
313 2618 463 2685 meritam
486 2636 625 2700 poenam
648 2618 745 2684 nullis
761 2605 922 2685 'machinis
944 2621 1123 2687 elusurum:
1150 2621 1269 2689 ἀπολεῖ

59 2725 199 2790 κάκιστα
242 2722 408 2805 Aristoph.
447 2723 530 2789 Nub.
570 2722 677 2808 726.²)
722 2722 809 2788 Huic
845 2723 1015 2792 indicativi
1051 2725 1152 2792 futuri
1191 2728 1264 2793 usui

59 2828 307 2896 accuratissime
345 2829 523 2909 respondet
560 2828 673 2894 similis
715 2829 879 2911 participii
923 2829 1142 2913 ἀπολούμενος
1184 2852 1262 2898 usus

58 2934 154 3001 cuius
177 2932 327 3014 exempla
350 2937 404 2997 sat
425 2932 528 2997 multa
551 2933 640 3014 apud
670 2933 847 3016 scriptores
870 2940 1002 3000 extant:
1034 2935 1148 3018 Eurip.
1173 2936 1261 3019 Cycl.

58 3042 126 3105 474
156 3036 350 3122 (Κύκλωπος
385 3043 443 3103 τοῦ
469 3042 580 3114 κακῶς
617 3035 812 3123 όλονμένον).
865 3038 1033 3122 Alisioph.
1066 3041 1261 3123 Thesmoph.

59 3143 170 3228 stas)
205 3145 268 3212 Av.
294 3147 388 3211 1461.
434 3143 613 3225 Antiphon.
643 3143 738 3226 irgm.
765 3147 844 3226 161,
876 3146 896 3210 5
926 3145 962 3210 ΙΙ
994 3148 1035 3212 16
1059 3146 1152 3211 Kock
1182 3153 1260 3225 (τοῖς

59 3247 283 3332 ἰχθυοπώλαις
307 3260 375 3327 τοῖς
398 3254 500 3326 κακῶς
524 3246 786 3333 ἀπολουμένοις),
818 3247 859 3314 (le
889 3251 987 3316 rebus
1017 3250 1135 3332 Amph.
1165 3250 1260 3335 frgm.

59 3356 120 3434 20,
153 3357 169 3418 1
205 3355 241 3420 Π
272 3357 332 3420 241
366 3355 459 3422 Kock
489 3359 705 3436 (θριδακιναις
738 3365 809 3431 ταῖς
839 3353 963 3419 κάκιστ’
998 3353 1259 3442 ἀπολουμέναις),

58 3456 177 3539 quibus
199 3458 279 3524 locis
303 3478 377 3525 mox
400 3459 521 3525 addam
544 3458 668 3540 alios.⁴)

148 3562 183 3628 Si
221 3561 262 3627 de
301 3561 472 3645 οὐλόμενος
510 3561 674 3644 participii
713 3561 844 3627 notione
882 3566 972 3628 recte
1010 3561 1259 3645 disputavimus,

58 3666 213 3733 continuo
231 3667 395 3749 ,sequitur
433 3675 471 3734 ut
508 3666 749 3749 (ἄιοόλοὺμενος
786 3670 821 3730 et
859 3664 1029 3747 οὐλόμενος
1066 3665 1136 3731 fere
1173 3666 1259 3732 idem

58 3771 172 3838 valere
200 3791 383 3855 sumamus;
415 3775 501 3855 quod
523 3775 696 3855 poetarum
723 3790 784 3837 usu
808 3770 940 3853 egregie
967 3770 1177 3837 confirmatur
1199 3790 1260 3837 nec

132 4015 151 4078 ¹)
170 4012 230 4067 Hoc
248 4014 277 4067 in
295 4013 418 4082 optativo
444 4018 537 4069 ὄλοιτο
565 4021 594 4068 et
620 4011 715 4066 futuro
742 4013 944 4081 ιίπολούμενος
969 4012 1074 4081 dequo
1093 4027 1156 4067 mox
1175 4027 1257 4081 agam

57 4100 218 4170 saepissime
236 4101 344 4159 accidit.
381 4103 423 4158 Gi.
443 4120 485 4157 ex.
505 4118 545 4171 gr.
564 4101 700 4156 Theocrit.
720 4100 758 4153 lv
778 4105 809 4154 52
830 4101 921 4160 κακῶς
940 4103 959 4154 ιλ
978 4103 1077 4169 πόροις
1095 4104 1197 4157 ὄλοιτο.

130 4188 151 4256 ²)
170 4187 316 4257 Optatiana
335 4197 363 4243 et
382 4189 504 4243 futurum
529 4189 733 4255 coniunguntur
757 4187 899 4253 Anistoph.
924 4187 1160 4256 Thesmophoria
1187 4191 1255 4257 aaut}

58 4277 150 4336 κακῶς
169 4276 232 4346 τᾶρ’
251 4277 358 4336 ἐξόλοιο
377 4277 497 4337 κιῖξολιῑ.

129 4364 150 4431 1)
169 4363 310 4430 Participii
336 4364 394 4421 rim
418 4363 625 4432 [Thesmophor.
654 4365 714 4433 819)
744 4363 867 4417 illustrat
897 4369 963 4431 apte
993 4363 1115 4420 eiusdem
1142 4363 1256 4422 fabulae

56 4466 81 4502 v.
101 4454 151 4503 8111
172 4447 252 4504 modo
271 4450 424 4517 exscriptus
442 4452 509 4516 (not.
528 4454 563 4513 1).

129 4538 149 4604 ⁴)
169 4536 342 4593 Simillimum
360 4545 403 4595 est
422 4538 626 4608 οἰμωξομένων
644 4539 783 4607 aristoph.
803 4538 885 4606 vesp.
907 4543 981 4597 1038.
