2986 5010
593 189 829 252 -375-

111 379 255 446 matioue
283 378 331 442 ita
359 376 505 458 insignes
539 381 576 442 ut
609 394 670 440 nec
700 374 905 443 coniecturas
939 395 1045 456 neque
1075 378 1309 458 explicationes

111 485 231 565 longae
265 480 443 547 admittant
471 480 666 561 probabiles.
711 480 751 544 In
782 479 1006 546 examinandis
1036 499 1121 560 qnae
1143 482 1238 547 huius
1260 484 1309 549 rei

111 586 307 651 adferuntur
329 590 388 649 aut
409 583 533 649 adferri
555 587 693 664 possunt
707 582 864 664 exemplis
888 583 958 648 sine
980 583 1030 649 ira
1053 590 1088 649 et
1103 585 1211 651 studio
1235 606 1306 653 vcr-

111 689 179 755 sari
208 687 456 771 grammaticum
486 687 597 768 decet,
629 687 715 767 quod
746 686 871 767 aliquot
897 686 985 753 viros
1013 688 1126 753 doctos
1157 689 1308 771 opinione

111 793 152 859 de
183 810 299 861 versus
326 790 480 856 homerici
507 790 622 858 nativa
644 791 850 872 praestantia
873 796 908 856 et
929 791 1121 873 integritate
1143 794 1306 875 praeiudi-

110 903 185 962 cata
208 895 377 962 devinctos
400 913 465 960 non
487 894 604 960 fecisse
619 894 724 975 video,
748 894 782 960 id
805 894 900 960 enixe
916 900 1054 976 agentes
1076 900 1114 960 ut
1128 897 1306 963 Homerum

109 1001 196 1067 omni
218 998 369 1065 licentiae
392 998 478 1078 quod
501 1000 663 1078 putabant
684 998 817 1064 crimine
840 999 1028 1064 liberarent.
1039 1001 1064 1081 ¹)

197 1103 260 1187 Qui
283 1103 429 1169 vocalem
452 1102 577 1183 primae
600 1102 684 1167 arsis
712 1102 746 1168 vi
769 1103 960 1184 productam
985 1108 1136 1170 statuunt
1162 1104 1306 1189 (ἔκτασις

110 1208 163 1274 διὰ
194 1206 230 1273 τὸ
259 1209 379 1288 μέτρον
409 1207 506 1271 schol.
537 1207 627 1271 ΑΒΤ
658 1208 689 1271 Ω
722 1206 771 1289 1),
807 1226 921 1288 parum
952 1215 1105 1274 accurate
1136 1209 1304 1293 locuntur;

107 1332 184 1378 nam
214 1329 280 1376 non
314 1309 437 1376 vocalis
468 1327 568 1390 supra
601 1309 768 1391 legitimae
798 1329 971 1376 mensurae
1001 1312 1131 1377 modum
1163 1332 1304 1394 pronun-

107 1416 245 1481 tiatione
268 1413 469 1494 extenditur,
498 1413 556 1478 sed
580 1433 695 1480 versus
718 1414 844 1480 initium
874 1415 992 1496 recipit
1020 1417 1164 1483 brevem.
1210 1418 1304 1501 Quod

107 1539 180 1585 cum
204 1518 322 1584 Graeci
351 1517 551 1582 recentiores
574 1536 639 1582 000
661 1517 902 1583 intellexissent
929 1518 1063 1583 licentia
1086 1519 1215 1599 quidem
1246 1521 1304 1585 sed

107 1643 148 1688 ea
170 1623 257 1688 iusta
280 1621 534 1701 necquicquam
557 1620 700 1685 habente
723 1620 909 1686 offensionis
931 1622 1018 1703 lieri,
1050 1623 1246 1703 aliquotiens
1269 1629 1307 1689 01

106 1744 237 1792 versum
269 1743 363 1805 quem
393 1728 580 1788 1100001010
611 1722 831 1804 opinabantur
853 1726 967 1791 addita
993 1747 1086 1793 mora
1107 1728 1307 1794 resarcirent

106 1830 238 1897 vocales
260 1827 403 1894 initiales
434 1845 606 1909 perperam
635 1829 861 1909 produxerunt
891 1835 926 1896 et
954 1831 1132 1897 recitantes
1163 1837 1197 1898 et
1227 1833 1303 1898 scri-

105 1935 231 1999 bentes.
270 1932 373 2014 Quem
397 1950 541 1997 errorem
562 1931 655 1996 libris
678 1932 829 1998 adhunc
852 1953 955 2014 usqne
978 1934 1063 1999 diem
1086 1941 1304 2017 propagatum

106 2036 200 2103 nobis
222 2036 390 2118 imponere
410 2053 448 2100 00
471 2034 577 2100 101000
593 2054 733 2115 aequum
757 2041 817 2117 est,
842 2037 1103 2117 quandoquidem
1124 2038 1305 2104 clarissima

104 2144 334 2206 remanserunt
348 2157 449 2205 verae
464 2137 616 2202 licentiae
637 2137 708 2202 sino
724 2139 791 2203 ulla
806 2139 929 2206 vocalis
945 2139 1158 2220 productione
1173 2140 1302 2206 indicia.

104 2283 145 2290 -
169 2243 312 2309 Similem
335 2242 509 2322 aliquando
533 2242 803 2323 depravationem
826 2243 913 2322 apud
936 2243 1100 2308 Romanos
1124 2244 1303 2310 obtinuisse

103 2349 137 2413 in
170 2347 366 2412 carminibus
397 2346 508 2411 latinis
542 2345 720 2411 recitandis
753 2346 861 2411 discas
895 2366 936 2411 ex
963 2346 1046 2411 Gell.
1079 2348 1126 2412 IV
1159 2351 1196 2413 17
1230 2349 1301 2414 coll.

104 2453 187 2516 Mar.
212 2451 295 2515 Viet.
320 2451 443 2530 7167,
470 2453 510 2514 13
533 2469 602 2529 sqq.

188 2554 387 2635 Principium
426 2573 551 2618 sumam
585 2554 626 2618 ab
661 2552 701 2617 iis
740 2553 897 2633 exemplis
936 2573 1020 2633 quae
1058 2556 1112 2621 vel
1153 2556 1301 2622 brevium

102 2677 237 2723 numero
271 2658 353 2723 satis
387 2663 499 2723 essent
532 2661 690 2722 excusata
724 2656 752 2721 si
786 2662 905 2738 poetae
938 2657 1087 2722 libuisset
1121 2660 1301 2740 producere

102 2761 258 2827 vocalem.
305 2761 370 2826 Sed
393 2781 458 2827 non
487 2761 658 2843 produxit,
690 2760 719 2826 si
741 2760 911 2827 traditioni
939 2762 1031 2827 fides.
1077 2763 1159 2828 Nam
1189 2767 1300 2844 11423

100 2863 216 2943 incipit
238 2865 279 2928 ab
303 2865 458 2943 dautem,
486 2895 503 2950 η
531 2870 591 2930 119
615 2887 636 2931 0
662 2869 797 2952 ζεφυριή
821 2865 911 2931 00100
935 2867 1072 2948 primam
1094 2868 1127 2933 in
1151 2870 1301 2935 breviore

104 2968 241 3051 ζέφυρος
264 2968 426 3034 Ηο100100
450 2989 615 3050 nunquam
638 2989 702 3034 non
727 2970 870 3052 corripit,
894 2990 999 3051 neque
1023 2971 1120 3037 aliter
1137 2973 1301 3039 Pindarus

100 3069 134 3133 in
159 3069 323 3156 Ζεφύριος
346 3070 573 3156 Ἐπιζεφύριος.
609 3073 662 3137 Ad
686 3073 751 3140 vim
765 3075 964 3159 ,adspiratae
987 3094 1045 3140 cur
1074 3075 1299 3158 confugiamus

101 3190 221 3237 causac
244 3173 323 3239 011111
346 3175 452 3240 estin
484 3177 642 3242 vocabulo
671 3177 863 3257 praesertim
893 3178 979 3258 quod
1006 3179 1091 3244 hanc
1121 3179 1185 3245 vim
1209 3181 1298 3245 nullo

100 3274 164 3339 alio
194 3276 265 3340 loco
296 3283 466 3357 expertum
497 3278 550 3343 011.
600 3279 796 3361 Ambiguum
828 3286 880 3344 est
910 3280 1086 3369 παναπάλῳ
1115 3308 1133 3347 ν
1163 3285 1225 3348 223
1257 3285 1298 3349 de

100 3398 163 3458 quo
187 3379 255 3444 dixi
278 3400 308 3461 p.
336 3383 397 3445 172
421 3401 468 3461 sq.

187 3485 330 3566 Quorum
365 3487 452 3550 haud
483 3485 652 3550 dissimilia
682 3486 715 3550 10
746 3505 845 3550 00010
880 3487 973 3566 quasi
1003 3508 1120 3569 eorpus
1154 3509 1294 3570 pronun-

99 3586 236 3652 tiatione
248 3588 401 3670 coiugata
414 3588 469 3654 τόν
481 3591 600 3673 ἕτερον,
618 3588 691 3673 112²)
705 3591 779 3672 περι·
790 3590 872 3654 καλὰ
888 3609 971 3669 quae
984 3591 1088 3656 locum
1100 3593 1298 3659 invenerunt

99 3689 132 3753 in
157 3709 309 3756 versuum
334 3694 428 3757 1266
455 3698 485 3756 ω
500 3694 564 3757 352
587 3691 697 3757 initiis.
729 3693 811 3757 Nam
836 3697 870 3757 et
892 3693 1049 3758 articulus
1072 3714 1144 3759 cum
1167 3697 1297 3764 nomine

99 3798 134 3858 et
163 3794 338 3859 relativum
361 3814 433 3860 cum
461 3796 570 3863 verbis
593 3795 839 3877 insequentibus
870 3796 1051 3862 arctissime
1073 3797 1261 3880 iunguntur.
1269 3801 1296 3886 ³)

172 4002 190 4067 ¹)
210 4000 377 4055 conferatur
395 4018 437 4058 ex.
457 4018 496 4068 gr.
516 4002 628 4056 Christii
647 4003 763 4057 Metrilx¹
779 4008 826 4054 191
846 4019 907 4056 01101
926 4002 1047 4057 eiusdem
1066 4002 1186 4058 editione
1200 4006 1296 4061 iliadis

97 4086 110 4138 l
133 4091 189 4142 119.
226 4087 303 4140 Nihil
322 4089 380 4155 egit
399 4086 522 4141 Schmidt
540 4088 621 4141 Matr.
644 4093 692 4141 158
710 4104 750 4155 aq.

169 4173 189 4240 ²)
209 4194 227 4225 a
245 4175 272 4227 in
291 4175 344 4227 hoc
362 4190 427 4227 eave
446 4189 480 4226 ne
497 4173 611 4239 produci
628 4188 709 4238 posse
728 4174 876 4227 existimes.
911 4175 996 4228 Errat
1014 4176 1121 4244 llartcl,
1140 4194 1195 4244 qua
1214 4178 1248 4233 de
1267 4197 1296 4234 re

97 4259 201 4313 dictum
220 4275 247 4326 p.
266 4265 326 4325 230,
345 4265 368 4312 3.

167 4350 189 4413 ⁸)
209 4345 294 4399 Recte
318 4343 402 4399 habet
426 4343 562 4411 positione
586 4343 750 4409 productum
775 4347 805 4397 ao'
822 4362 883 4413 ffoa
902 4354 928 4400 x
948 4351 1008 4399 307.
1030 4376 1060 4385 -
1080 4348 1122 4401 Ne
1142 4356 1175 4402 11
1193 4357 1243 4403 228
1264 4352 1294 4404 rt

97 4434 134 4501 ῥα
159 4435 215 4485 κτλ.
241 4431 396 4487 Thiarachii
420 4440 447 4484 01
466 4431 606 4485 Κο0110011
629 4446 722 4485 011010
746 4431 876 4498 deceptus
902 4433 955 4486 11110
977 4435 1141 4489 trahendum
1167 4439 1295 4506 opineris,
