2940 5026
641 173 859 235 ,Ἦ-

152 363 251 428 nimia
274 362 478 427 stellularum
501 362 584 426 mole
607 360 746 442 paginas
763 378 933 424 onerarem
956 359 1037 424 satis
1060 359 1158 424 habui
1181 365 1350 424 accentum

152 468 340 532 sollemnem
375 465 568 530 detraxisse.
615 464 688 529 Noti
723 463 809 528 illius
842 462 916 527 libri
951 482 1013 543 quo
1048 463 1087 528 G.
1119 462 1251 528 Curtius
1280 463 1349 527 uni-

153 590 281 638 versam
316 569 408 636 verbi
445 569 555 651 graeci
592 568 841 634 declinationem
879 567 1056 632 dilucidare
1093 567 1261 648 ingressus
1300 572 1351 631 est

152 694 346 755 quamquam
370 674 487 754 ubique
509 671 637 753 inspexi
660 671 834 735 editionem
857 674 894 734 ut
915 688 977 750 par
993 675 1044 734 est
1066 671 1214 753 alteram,
1239 679 1349 737 tamen

153 778 312 858 usquead
335 797 366 858 p.
386 781 446 841 165
470 775 611 856 appositi
627 775 819 857 paginarum
843 774 969 839 numeri
985 782 1022 838 ut
1043 775 1184 855 priorem
1200 784 1351 857 spectent

152 881 354 946 commissum
385 885 436 944 est
458 899 568 944 errore
599 898 669 943 meo
694 879 782 943 baud
811 878 907 943 facile
937 899 997 943 neo
1026 880 1119 946 brevi
1150 882 1346 946 excusando.

151 984 268 1049 Libros
291 984 365 1047 olim
389 983 465 1048 mibi
488 981 650 1048 adhibitos
673 989 708 1047 et
734 982 767 1046 in
795 983 857 1046 hoc
880 1001 978 1063 opere
1000 983 1152 1047 laudatos
1176 984 1348 1049 maximam

152 1094 240 1153 certe
264 1093 391 1168 partem
415 1106 485 1152 cnm
517 1086 657 1168 plagulis
685 1086 885 1168 corrigendis
909 1105 1041 1167 operam
1065 1087 1176 1151 darem
1200 1108 1241 1152 ne
1264 1108 1348 1168 qnae

151 1193 236 1257 forte
259 1192 471 1257 exscribendo
497 1191 550 1258 vel
577 1190 840 1256 transscribeudo
868 1209 1054 1272 peccassem
1078 1191 1166 1274 typis
1193 1193 1349 1257 mandata

150 1296 298 1378 legentes
337 1296 537 1360 offenderent
574 1295 692 1359 iterum
726 1294 848 1359 contuli
881 1295 939 1358 sed
974 1301 1070 1360 erant
1103 1316 1239 1376 quorum
1273 1296 1349 1361 mibi

152 1398 276 1479 copiam
300 1418 364 1463 non
387 1399 512 1464 faceret
534 1399 740 1482 bybliotheca
763 1398 988 1482 Grypbieusis,

237 1607 337 1672 Iuvat
370 1608 431 1671 hoc
464 1626 592 1687 quoque
625 1608 695 1672 loco
730 1611 860 1689 gratum
894 1605 1035 1670 animum
1069 1606 1197 1686 publice
1232 1605 1348 1668 testari

151 1709 292 1774 Ernesto
327 1711 438 1775 Maass
462 1711 500 1775 V.
533 1711 578 1776 Cl.
614 1714 654 1778 de
684 1713 758 1778 libri
788 1716 920 1776 auctore
949 1710 1085 1790 ipsoque
1114 1709 1195 1774 libro
1227 1707 1347 1788 optime

150 1812 265 1876 merito
289 1812 343 1891 qui
367 1832 437 1878 cum
462 1814 612 1895 plagulas
634 1816 745 1897 legere
775 1835 839 1881 non
866 1815 952 1882 infra
975 1836 1048 1882 sese
1071 1822 1236 1897 putasset,
1267 1814 1347 1879 locis

150 1916 237 1980 band
268 1917 380 1996 paucis
410 1917 568 1984 indicavit
597 1919 717 1984 omissa
746 1939 861 2000 parum
894 1921 1008 1986 dextre
1039 1921 1190 1986 instituta
1219 1918 1347 1984 notavit

150 2019 236 2086 viam
260 2020 402 2100 praeivit
424 2040 537 2087 verum
560 2022 682 2088 frustra
706 2024 886 2104 quaerenti,
911 2044 971 2089 uec
994 2025 1113 2091 desunt
1135 2043 1220 2104 quae
1243 2025 1284 2088 ab
1308 2041 1346 2087 eo

150 2125 290 2189 monitus
313 2143 399 2190 nunc
421 2126 538 2191 vellem
562 2127 657 2192 aliter
680 2127 916 2193 administrata.

236 2335 347 2399 Debeo
371 2334 513 2399 virorum
537 2335 742 2417 egregiorum
772 2335 925 2417 egregiae
955 2334 987 2399 in
1018 2354 1069 2398 me
1099 2331 1346 2398 benevolentiae

150 2439 235 2518 quod
258 2438 374 2503 librum
398 2458 504 2503 meum
528 2438 691 2519 auspicari
714 2439 790 2503 licet
812 2457 832 2502 a
862 2438 1043 2503 nominibus
1073 2436 1138 2501 illis
1167 2435 1347 2500 illustribus

150 2559 234 2618 quae
271 2540 304 2603 in
336 2541 507 2605 voluminis
540 2541 647 2604 fronte
681 2541 853 2620 splendere
887 2541 979 2607 vides
1014 2540 1169 2605 Iohannis
1203 2538 1348 2603 Schmidt

149 2661 212 2720 quo
237 2633 318 2706 duc'e
341 2642 458 2706 studiis
481 2641 702 2723 grammaticis
725 2642 863 2722 primum
886 2662 1007 2709 vacare
1034 2643 1127 2723 coepi
1150 2648 1183 2707 et
1206 2640 1347 2721 Adolpbi

149 2745 317 2827 Kiessling
364 2745 455 2811 cuius
502 2744 632 2809 scholae
678 2743 831 2825 deinceps
873 2746 1057 2828 philologae
1107 2746 1347 2810 adolescentem

149 2854 365 2929 exceperunt:
417 2866 536 2929 operae
578 2846 717 2927 pretium
761 2846 879 2913 fecisse
923 2848 1059 2914 videbor
1104 2848 1131 2913 si
1176 2848 1253 2928 quid
1297 2847 1347 2912 bis

150 2951 427 3032 disquisitionibus
457 2950 653 3032 praestitero
684 2950 748 3015 illis
778 2970 843 3015 non
874 2951 959 3015 omni
995 2970 1128 3017 numero
1159 2949 1283 3032 indigni
1314 2956 1348 3015 et

148 3055 181 3118 in
212 3073 275 3133 quo
306 3072 484 3135 agnoscere
512 3054 616 3120 velint
643 3054 972 3134 quautrdumcumque
1009 3061 1061 3119 est
1095 3073 1175 3119 suae
1203 3055 1346 3134 ipsorum

149 3157 363 3222 institutionis
387 3162 485 3237 atque
509 3157 709 3238 disciplinae.

237 3315 363 3379 Dabam
388 3314 605 3396 Gryphiae
629 3335 668 3379 nr.
694 3317 765 3379 (let.
789 3336 818 3379 a.
849 3322 937 3383 lillll.
