2940 5026
701 171 938 239 -148-

220 379 304 446 quae
334 361 500 455 sententia
530 362 558 429 si
581 383 662 431 vera
693 369 796 446 esset,
826 362 986 447 ἇμαοὸεις
1016 370 1051 430 et
1072 369 1150 430 cett
1175 364 1275 430 simili
1298 362 1421 432 ratione

219 469 391 535 immutata
424 469 537 535 reduci
571 471 753 551 oportebat.
804 469 889 535 Nam
921 470 1093 551 productio
1127 470 1268 536 metrica
1303 469 1421 538 vocalis

219 574 437 655 quantitatem
460 574 623 656 integram
654 578 689 639 et
710 573 933 655 incorruptam
963 575 1128 655 relinquit.
1175 575 1280 655 Atqui
1309 573 1420 663 ἀνορέι,

218 677 330 744 reduci
361 682 455 746 vetat
485 686 505 742 ᾶ
538 678 572 742 in
604 675 684 764 ἁνήρ
718 696 884 757 nunquam
915 683 1092 760 mutatum;
1128 697 1203 742 nam
1240 679 1421 761 rhapsodos

219 782 336 870 ἀνορέη
367 782 461 864 quasi
490 783 584 849 furca
607 782 772 864 expulisse
796 779 878 868 ἀνήρ
909 779 1016 867 &adpre
1043 781 1244 848 lntemcrata
1274 791 1419 865 praeter·

218 888 345 954 misisse
383 887 472 953 credi
506 887 628 968 nequit.
680 875 797 974 ἠνορέη
832 890 942 952 autem
980 887 1008 952 si
1042 906 1062 952 a
1100 886 1251 952 mutandi
1289 887 1419 954 libidine

217 993 449 1060 vindicandum
480 1011 552 1058 esse
583 992 642 1058 tibi
670 991 892 1075 persuaseris,
928 1009 969 1057 ea
999 1009 1128 1072 quoque
1158 1010 1245 1072 qnae
1276 992 1419 1059 eiusdem

218 1096 341 1163 ordinis
364 1103 442 1163 sunl
464 1095 625 1183 ἤμαθόεις
649 1094 796 1183 ἠνεμόεις
820 1096 958 1184 η’γάθεος
981 1116 1105 1165 vexare
1128 1095 1271 1162 desines,

306 1200 497 1288 ἠερέθονται
521 1201 590 1287 -o¹)
615 1207 645 1266 Β
666 1204 730 1268 448
757 1207 788 1268 6)
812 1205 851 1267 11
876 1207 908 1269 Γ
931 1205 992 1268 108
1022 1201 1161 1283 simplex
1184 1219 1261 1266 esse
1290 1202 1419 1284 probari

217 1324 281 1371 non
316 1305 454 1389 poterit;
489 1305 637 1388 suspicor
670 1306 882 1388 compositum
918 1325 991 1373 esse
1021 1325 1062 1372 ex
1093 1307 1358 1394 dflspe'dopm‘)
1389 1314 1419 1374 st

216 1411 459 1493 praepositione
482 1411 624 1491 quadam
647 1411 795 1477 obsoleta
819 1410 839 1498 η’
863 1411 953 1497 (sort.
978 1426 1014 1493 u,
1044 1431 1145 1494 germ.
1171 1410 1237 1496 e)³)
1266 1413 1359 1492 quod
1381 1411 1418 1478 ad

216 1516 380 1582 notionem
409 1515 530 1582 attinet
558 1517 695 1583 voculae
720 1515 783 1584 ἀπό
811 1516 940 1602 simili⁴)
971 1536 1068 1597 quarn
1096 1515 1243 1581 nondum
1271 1517 1418 1582 omnibus

216 1620 296 1686 locis
319 1622 416 1702 plane
441 1622 613 1705 παρέλκειν
634 1625 779 1687 testatur
804 1628 833 1687 Β
854 1624 919 1687 448

472 1726 519 1791 τῆς
538 1723 640 1779 ἱκανὸν
658 1726 787 1779 cooevos
806 1727 984 1800 παγχρύσεοι
1002 1727 1158 1798 ἠερέθοντο

216 1816 424 1894 comparatus
447 1831 520 1879 cum
543 1813 622 1878 Hes.
647 1811 735 1878 Scut.
760 1816 825 1881 234

783 1920 830 1970 ἐπὶ
851 1918 882 1972 δὲ
901 1918 1000 1990 ζώνῃσι
1021 1916 1158 1989 δράκοντε

419 1986 486 2042 δοιὼ
508 1988 701 2062 α’πῃιορεῦνιο.

215 2188 219 2198 ,
286 2128 306 2197 ¹)
323 2127 436 2181 metrice
454 2127 617 2195 productum
637 2129 787 2195 opinantur
805 2124 931 2180 Froehde
950 2126 1004 2182 BB.
1023 2127 1075 2181 VII
1096 2133 1146 2180 828
1165 2127 1223 2185 alii.

285 2217 305 2285 ²)
323 2216 473 2275 Herodian.
492 2219 522 2271 L.
542 2218 677 2284 14168.
710 2215 815 2283 11411,
836 2219 875 2266 14.
907 2213 969 2270 ΕΜ.
989 2220 1014 2281 8,
1037 2220 1066 2267 15
1085 2229 1143 2282 sqq.

284 2309 304 2372 ³)
324 2303 388 2357 lob.
408 2303 531 2357 Schmidt
549 2303 606 2357 KZ.
619 2301 711 2358 XXVI
729 2308 761 2356 41
775 2318 814 2371 sq.
851 2301 948 2356 Procul
968 2301 1126 2355 habendum
1145 2302 1195 2355 lat.
1215 2314 1233 2356 ο
1252 2304 1297 2372 (<
1319 2304 1365 2358 ‘aa
1383 2322 1409 2349 <

212 2408 243 2443 os
265 2410 295 2438 <
315 2391 372 2459 abs)
391 2391 502 2445 Curtius
522 2389 619 2448 Grdz.⁶
639 2395 679 2446 11.
715 2388 772 2442 ΚΖ.
792 2388 911 2442 XXVIII
930 2392 990 2444 111).

284 2482 306 2539 ‘l
326 2477 394 2531 Cum
419 2485 473 2536 vet.
497 2493 583 2545 germ.
601 2479 690 2531 a-leilo
712 2502 745 2519 =
764 2494 852 2546 expers
872 2478 1006 2549 ἄμμορος
1025 2475 1060 2532 cf.
1078 2475 1143 2533 Hes,
1163 2479 1293 2550 ri-paopoc
1313 2476 1350 2545 gl.
1367 2482 1408 2541 11;

212 2566 340 2638 οἷ-μορίς·
360 2568 529 2638 ἐστερημένη
547 2563 673 2633 Aeschyl.
687 2563 769 2631 frgm.
787 2568 835 2616 165
855 2562 950 2626 (aliter
963 2561 1064 2616 Fickll.
1082 2578 1109 2629 p.
1123 2565 1194 2631 blo).
1217 2565 1408 2634 πανή-πορος.

212 2655 391 2726 αανιίαορος·
412 2636 507 2719 ἐνδεής
527 2652 620 2718 (aliter
640 2650 843 2718 Wackernagel
857 2649 1102 2718 Debnungsgesetz
1115 2653 1169 2719 55),
1194 2652 1323 2722 ἤ-πανςέ·
1343 2655 1407 2706 dno

212 2744 403 2810 ρεῑοπανλζει
421 2741 477 2808 (qui
491 2759 589 2812 penum
613 2755 668 2793 non
694 2737 792 2806 habet,
817 2738 922 2807 siplae?
950 2736 983 2792 cf.
1010 2745 1108 2792 πανία·
1128 2740 1294 2808 alpersbach
1315 2743 1407 2794 sidrac·

211 2825 245 2880 ιὰ
275 2829 403 2898 πλήσμια
427 2826 573 2881 Dinolochi
601 2826 679 2894 Irgm.
709 2831 721 2878 1
750 2824 824 2894 apud
851 2826 977 2879 Lorenta.
1003 2825 1161 2892 Epicharm.
1187 2832 1239 2880 305
1267 2836 1297 2880 et
1325 2826 1407 2883 Paull

211 2913 307 2972 Sileni.
332 2914 388 2973 ΑΡ.
413 2915 438 2968 V
469 2920 534 2981 239,
558 2921 573 2968 6
600 2913 708 2989 φορβῆς
736 2914 839 2986 ιῑααν1ῃ
868 2912 941 2980 quod
968 2912 1185 2980 comparaverim
1214 2930 1277 2968 cum
1309 2922 1406 2970 τέκνων

211 3002 337 3063 ἄπαιδας
356 3000 424 3058 Eur.
444 3000 575 3058 Androm.
597 3005 653 3053 114.
680 2998 806 3067 Krueger
823 2999 909 3055 Diali,
927 2999 943 3068 §
962 3005 1005 3066 41,
1024 3003 1066 3065 16,
1087 2999 1137 3067 11).
1160 3029 1189 3038 -
1209 3019 1227 3051 α
1246 3001 1405 3067 privativum

210 3104 264 3144 non
283 3105 392 3156 semper
409 3088 448 3142 rei
468 3088 632 3154 absentiam,
653 3085 701 3141 sed
720 3086 795 3141 haud
814 3102 877 3140 raro
896 3087 980 3140 etiam
1000 3086 1102 3140 malam
1121 3085 1312 3142 condicionem
1331 3089 1406 3144 deno·

209 3184 266 3249 tat,
293 3193 347 3246 quo
375 3175 409 3230 de
436 3191 486 3230 usu
513 3176 568 3231 iam
596 3175 760 3230 Aristoteles
787 3174 942 3244 metaphys.
968 3178 993 3228 Δ
1009 3179 1042 3227 11
1068 3172 1152 3228 verba
1177 3173 1243 3228 iecit
1262 3175 1299 3242 (p.
1322 3173 1405 3230 16111

209 3273 241 3319 ab
260 3281 318 3335 sqq.
337 3247 449 3335 λέγεται
468 3266 564 3319 ἄπουν
584 3270 630 3317 καὶ
650 3264 687 3334 τῷ
704 3261 743 3335 μὴ
764 3265 850 3333 ἔχειν
864 3257 933 3322 ὅλως
959 3261 1052 3320 πόδας
1076 3266 1123 3314 καὶ
1147 3263 1185 3331 τῷ
1211 3263 1338 3333 φαύλως·
1369 3266 1404 3318 ἔτι

208 3358 254 3406 καὶ
280 3353 319 3423 τῷ
343 3350 450 3426 μικρὸν
475 3355 550 3422 ἔχειν
575 3343 639 3404 οἷον
664 3348 695 3403 τὸ
721 3351 879 3422 ιίπύρηνον·
906 3349 988 3403 τοῦτο
1016 3348 1041 3401 δ’
1067 3351 1125 3402 ἐστὶ
1150 3347 1182 3402 τὸ
1207 3351 1325 3419 φαύλως
1352 3371 1405 3409 ποις

208 3442 300 3511 ἔχειν).
329 3439 465 3497 Semonid.
484 3439 625 3507 Amorgin.
646 3443 675 3506 1,
700 3443 731 3490 16
751 3441 873 3509 ιῖπογος.
911 3436 1005 3505 Eurip.
1025 3434 1140 3493 01218
1161 3438 1324 3508 (ἄναρθρός
1351 3444 1403 3508 εἰμι

207 3531 340 3584 κάσθενῶ
367 3531 449 3599 μέλη)
477 3528 555 3597 qnasi
583 3542 674 3580 vocem
704 3525 854 3598 ιίνιέρθρος
881 3520 1087 3590 Insequentibus
1118 3523 1330 3590 interpretatur.
1366 3524 1405 3579 Sic

206 3612 360 3683 Xenophon
380 3630 462 3669 canes
481 3628 552 3681 quae
576 3613 659 3682 μόλις
678 3617 724 3664 καὶ
752 3612 880 3680 (illyriam
900 3611 1091 3663 αἰσθάνονται
1111 3612 1159 3663 τοῦ
1178 3614 1257 3680 λαγῶ
1276 3615 1404 3688 ιῖῤῥινας,

205 3717 276 3771 quae
295 3705 329 3756 οδ
348 3709 499 3772 κατέχουσι
518 3699 568 3755 τὸν
591 3699 667 3770 λαγῶ
692 3700 852 3768 α’σιόμοος,
878 3697 994 3774 denique
1019 3713 1090 3764 quae
1114 3700 1333 3769 (increpationem
1353 3690 1403 3754 ’διὰ

205 3785 236 3842 ιὸ
257 3791 343 3858 ἄλγος
362 3789 418 3843 τῶν
436 3788 534 3842 ποδῶν
553 3786 666 3845 α’ποδας
686 3784 756 3839 dixit
768 3788 902 3855 (cyneget.
916 3790 941 3853 8,
954 3790 983 3853 33
1003 3801 1097 3852 oppos.
1116 3788 1270 3859 adpareret
1287 3789 1404 3847 εὕποδις

204 3883 229 3945 l,
250 3878 284 3945 6).
319 3879 413 3935 cluave
432 3875 559 3942 Sophocl.
579 3873 695 3931 Philoct.
716 3875 1001 3944 631εχω16ς485.
1027 3873 1254 3932 Ariamenen.
1277 3882 1299 3944 1,
1322 3883 1333 3929 1
1354 3878 1404 3931 nir

205 3965 332 4038 ὀρνίθων
352 3969 407 4019 εἰσί
421 3983 494 4024 τινες
515 3962 684 4025 κακόποδες,
706 3964 734 4015 οἳ
754 3961 801 4016 διὰ
823 3963 906 4015 τοῦτο
926 3960 1075 4015 καλοῦνται
1095 3961 1220 4020 ἄποδος·
1246 3963 1288 4020 cf.
1302 3963 1338 4019 de
1356 3964 1404 4018 hac

203 4067 268 4106 voce
294 4054 387 4111 ἄαους
416 4051 510 4121 Steph.
537 4052 671 4110 Thesaur.
696 4057 725 4103 et
749 4049 882 4103 Baunaek
911 4048 1021 4105 Studl
1046 4052 1105 4100 113.
1143 4047 1284 4105 Steintbal
1310 4051 1403 4106 Gescb.

203 4139 253 4194 der
266 4139 404 4207 Spracbw.
424 4140 468 4193 bei
487 4139 512 4198 d.
527 4141 573 4196 Gr.
591 4157 616 4207 p.
630 4140 664 4193 R.
678 4143 737 4191 316.
757 4142 808 4191 350
821 4154 858 4204 sq.
888 4136 994 4205 Quibus
1012 4136 1122 4190 innixus
1136 4134 1274 4205 Hesychia
1293 4146 1404 4192 auctore

203 4231 236 4296 (s.
255 4243 293 4280 v.:
323 4219 386 4281 οἷον
405 4227 551 4287 α’πέδανος
577 4230 666 4297 ἤγουν
685 4227 791 4293 ducta)
816 4225 958 4290 p'uidarcc
976 4222 1049 4291 quod
1068 4229 1110 4276 est
1134 4227 1223 4276 obri
1254 4222 1288 4277 de
1306 4223 1403 4280 claudo

202 4314 327 4369 Vulcano
352 4332 366 4367 e
391 4315 595 4381 praepositione
615 4317 642 4381 ›J-
660 4320 689 4366 et
712 4312 823 4366 nomine
848 4312 937 4371 ποδός
962 4312 1142 4380 compositum
1161 4325 1222 4366 esse
1241 4319 1270 4365 et
1295 4311 1403 4379 proprio

201 4400 254 4455 dici
280 4400 314 4455 de
338 4400 438 4468 pedum
462 4400 621 4457 infirmitate
644 4401 838 4469 qualicumque
861 4399 973 4457 conicio.
1000 4434 1017 4439 -
1046 4402 1163 4473 ἤπειρος
1187 4401 1231 4466 (<
1252 4396 1403 4475 *irrep-joe)

200 4485 255 4541 iam
275 4486 376 4539 dudum
396 4503 456 4539 eum
475 4502 560 4554 germ.
577 4488 646 4551 Ufer
659 4495 732 4541 recte
751 4487 930 4554 compositum
950 4502 1009 4542 esse
1023 4502 1118 4541 moneo
1137 4496 1254 4554 propter
1273 4484 1401 4556 Vogrinni

199 4574 272 4631 hom.
290 4589 331 4640 gr.
350 4580 383 4626 39
402 4588 533 4629 errorem.
