2986 5010
559 212 795 275 -351-

166 401 194 463 V
228 400 298 465 loco
334 401 437 466 adicio
474 403 591 482 ntopoo
630 400 677 484 l<
713 400 892 484 *ni-jopen)
930 399 1016 478 quod
1058 418 1215 479 praesens
1254 420 1274 465 a

76 505 185 570 futuro
210 505 329 586 αἱομαι
352 509 505 570 accurate
529 504 792 586 distinguendum
822 503 943 586 legitur
966 503 1060 568 Piud.
1085 503 1135 568 Ol.
1160 505 1207 569 VI
1231 507 1272 569 86

77 608 131 673 ubi
160 628 192 673 v.
216 607 453 674 Schneidewin.
499 608 547 673 uf.
571 607 702 673 Curtius
731 607 847 672 Verb.²
875 607 1017 687 11315,
1050 612 1126 672 sert.
1145 614 1274 692 poi-pote

77 710 208 777 Oabhoff
225 711 300 777 ΜΠ.
324 711 372 776 IV
397 715 436 777 13
460 731 508 792 sq.
549 709 711 793 ἑμιιῖσμαι
734 712 878 794 Theogn.
905 713 988 777 1129
1013 711 1061 795 (<
1085 712 1271 797 *aij-orrum

76 816 115 882 cf.
139 835 241 897 supra
273 812 335 882 ιΐαι
357 815 451 882 iuxta
474 814 549 901 zio)
580 814 765 881 defenditur
788 835 808 880 a
830 815 995 881 Nitzschio
1019 816 1080 882 Rh.
1103 818 1147 881 M.
1171 818 1272 882 XXII

79 923 156 986 186:
182 921 240 985 ‘Im
268 920 386 986 Weine
416 922 515 985 suche
544 920 595 986 ich
619 920 805 1001 Vergesseu
829 938 860 983 u.
884 938 910 984 s.
936 921 986 985 w.'

162 1041 357 1123 Exemplum
380 1041 432 1107 sui
451 1041 581 1124 generis
604 1047 656 1107 est
679 1039 747 1106 οἷἰα
770 1040 861 1107 cuius
884 1041 1090 1123 participium
1109 1040 1271 1107 ιέῐόιιεσσι

74 1145 156 1229 legit
192 1146 331 1228 Longiu.
370 1145 508 1230 (proleg.
548 1146 590 1211 ad
627 1145 807 1226 Hephaest.
850 1164 881 1226 p.
923 1147 983 1211 142
1022 1145 1141 1232 Gaias.)
1183 1148 1271 1228 apud

74 1249 251 1315 Homerum
276 1280 295 1314 α
313 1250 376 1315 352
400 1269 459 1331 pro
484 1269 521 1314 eo
545 1250 631 1330 quod
654 1248 746 1314 nobis
768 1248 842 1313 libri
864 1248 1037 1332 porrigunt
1054 1247 1269 1329 ἀκουόντεσσι,

73 1352 303 1434 imperativum
342 1353 390 1419 ὅῑε
424 1353 612 1436 Etymologi
646 1353 758 1435 Magni
795 1358 909 1419 auctor
943 1353 988 1436 (p.
1023 1356 1079 1434 43,
1113 1356 1147 1432 6)
1182 1355 1270 1435 apud

74 1456 253 1523 Hesiodum
277 1458 337 1539 Op.
363 1461 425 1523 213
456 1476 515 1538 pro
546 1457 667 1522 tradito
693 1455 1124 1540 ὅκοοε,1)1οι111111ἄῐσει
1155 1456 1268 1520 scholi·

74 1565 150 1627 asia
182 1562 319 1629 Pindari
351 1564 384 1629 in
419 1563 562 1629 carmine
595 1562 687 1627 Nem.
719 1562 757 1628 ,Π
790 1563 830 1625 14
863 1564 896 1625 ἐν
935 1562 1033 1649 Τροίᾳ
1066 1564 1126 1641 μὲν
1150 1559 1269 1643 Ἕκτωρ

74 1666 219 1743 Αἴαντος
248 1666 382 1732 ἄκουσεν
416 1686 475 1748 pro
512 1666 696 1748 ἄκοιισειῖ1)
731 1664 940 1731 rescribenda
979 1685 1052 1731 esse
1089 1664 1271 1732 ἀειόντεσσι

74 1769 286 1852 (ἀειδόντεσσι
316 1771 402 1836 Plat.
434 1771 474 1836 de
504 1790 573 1852 rep.
605 1770 651 1834 IV
678 1771 811 1852 424Β),
844 1769 928 1848 aare,
961 1769 1068 1835 ἄεισεν
1097 1772 1272 1854 apparebit

74 1892 116 1938 ex
143 1873 319 1955 disputatis
347 1875 413 1939 KZ.
437 1873 555 1938 XXIX
578 1874 641 1938 253
670 1872 724 1938 ubi
750 1873 855 1940 fusius
885 1875 953 1940 dixi
983 1876 1023 1941 de
1053 1876 1149 1941 huius
1180 1877 1271 1943 verbi

74 1976 199 2060 origine
233 1984 268 2043 et
301 1997 371 2059 usu,
407 1997 472 2043 non
506 1982 617 2042 tamen
651 1978 736 2057 quod
771 1978 852 2043 satis
886 1984 984 2044 esset.
1038 1980 1270 2062 Quaestionem

71 2079 257 2146 inchoatam
302 2100 408 2162 neque
450 2081 632 2146 absolutam
675 2081 849 2161 aliquando
892 2082 1140 2165 redintegrabo,
1185 2102 1271 2149 nunc

72 2203 179 2265 pauca
202 2204 285 2266 quae
308 2185 383 2250 huic
405 2185 475 2250 loco
500 2184 698 2251 conveniant
719 2183 878 2249 adiecisse
901 2188 1084 2250 contentus.
1129 2187 1270 2252 Formae

74 2287 150 2354 ᾰειάι
187 2308 283 2369 quam
323 2308 363 2355 ex
397 2288 553 2372 Hesychii
591 2305 719 2369 quoque
749 2288 860 2370 glossa
889 2293 1044 2370 corrupta
1073 2294 1269 2355 ΑΕΠΤΑΙ·

72 2393 225 2459 ἀκούεται
256 2393 345 2460 nulla
376 2412 481 2474 paene
508 2392 689 2459 mutatione
720 2389 830 2457 elicias
860 2391 956 2472 plura
985 2392 1150 2472 protraxit
1178 2394 1268 2459 testi-

70 2497 180 2565 monia
202 2497 291 2563 baud
321 2497 527 2580 neglegenda
558 2497 595 2562 0.
620 2495 794 2561 Hoffmann
822 2495 891 2560 BB.
919 2495 982 2559 XV
1013 2497 1068 2576 62,
1101 2494 1268 2579 decemper·

71 2600 235 2683 ἀκούωμεν
250 2601 337 2666 unde
352 2600 527 2666 Pindarico
543 2599 632 2665 ἄεισι
647 2599 742 2665 tidem
760 2598 917 2664 accedero
932 2599 1035 2681 vides,
1053 2599 1151 2666 ἄειδε·
1175 2600 1269 2667 ἄκουε

69 2704 104 2769 in
127 2704 256 2769 modum
279 2702 441 2768 Platonici
477 2701 679 2768 ἀειδόντεσσι
702 2707 899 2785 corruptum,
909 2703 935 2787 ³)
964 2703 1144 2792 ἅειζομένη·
1173 2704 1268 2771 οἰκού-

73 2833 154 2871 οοσα
185 2806 439 2887 oomparandum
473 2824 545 2871 cum
576 2806 689 2890 cyprio
721 2807 850 2894 καλὴζοι
879 2807 1068 2893 (Hoffmann
1099 2811 1120 2875 l.
1148 2810 1169 2875 l.
1202 2810 1268 2896 78).

70 2910 179 2975 Radix
196 2908 368 2991 astrifero:
392 2909 469 2991 risio
485 2908 748 2993 (*oifroddropm,
773 2912 993 2995 *ἑπάμστος);
1017 2933 1175 2995 praesens
1192 2913 1269 2980 dub

71 3015 158 3080 unde
189 3014 411 3080 contractione
442 3013 490 3104 ᾄω
521 3013 624 3104 (dupio
654 3016 793 3083 ionicum
821 3016 908 3099 quod
937 3018 1040 3084 Attici
1066 3018 1269 3086 extrinsecus

70 3258 181 3327 legitur.
211 3257 287 3312 Haec
305 3264 370 3311 sunt
388 3261 520 3327 quotquot
538 3260 629 3314 iuveni
649 3260 722 3329 apud
741 3268 838 3328 poetas
857 3266 1006 3330 prototypa
1024 3262 1051 3315 in
1071 3269 1121 3314 -ιοι
1140 3261 1268 3316 cadentia

72 3375 104 3384 -
124 3343 159 3399 de
180 3350 235 3411 pto
254 3349 348 3398 tamen
367 3343 485 3400 iortasse
503 3362 519 3399 a
538 3347 647 3402 nomine
666 3348 809 3418 deperdito
830 3362 881 3417 ψι-
901 3348 1022 3417 profecto
1035 3349 1162 3403 dubitare
1182 3350 1268 3417 possis

70 3449 135 3487 uum
154 3432 208 3487 huc
225 3432 285 3485 iure
303 3430 469 3500 rettulerim;
489 3430 523 3485 de
542 3435 597 3486 αἰιο
616 3451 640 3488 v.
659 3453 685 3503 p.
706 3443 756 3490 158
775 3444 831 3490 not.
851 3444 875 3490 2.

144 3519 163 3585 ¹)
183 3518 225 3572 Gi.
244 3533 315 3586 quae
333 3517 463 3571 adnotavi
482 3517 539 3572 ΚΖ.
558 3518 651 3574 XXIX
671 3528 721 3576 252
743 3530 799 3577 not.
822 3529 843 3576 l.
881 3524 923 3578 Nc
945 3523 1025 3578 nimis
1051 3538 1093 3576 me
1118 3537 1211 3577 severe
1239 3524 1266 3577 in

70 3612 214 3674 poetamm
234 3603 316 3658 libros
336 3604 563 3660 animadvertisse
589 3606 715 3676 iustoque
743 3609 858 3664 calidius
876 3609 1034 3680 Etymolopi
1053 3619 1146 3678 partes
1165 3608 1267 3665 fovisse

69 3692 121 3746 tibi
139 3690 316 3759 persuadeas,
336 3690 369 3744 ci.
384 3691 482 3744 Aescb.
496 3695 593 3758 Agam.
607 3698 658 3746 269
677 3695 723 3748 ubi
743 3697 886 3750 lectionem
905 3700 1028 3767 α’γγέλοα
1047 3697 1127 3750 eiecit
1144 3697 1265 3752 eiusdem

70 3777 227 3849 Etymologi
255 3778 440 3832 testimonium
469 3781 637 3851 (α’γγιέροο).
679 3780 741 3835 Non
770 3781 910 3837 subscribo
932 3783 1032 3837 iudicio
1058 3783 1149 3837 Sitteli
1180 3783 1265 3838 Wiou.

68 3865 146 3920 Stud.
166 3864 220 3918 lili
240 3870 270 3916 51
292 3864 380 3931 (quem
401 3863 490 3918 obiter
508 3863 642 3920 admoneo
660 3867 760 3936 λιγνὺν
780 3872 970 3925 αἰθαλόεσσαν
988 3870 1050 3923 ΕΜ.
1072 3875 1134 3937 555,
1154 3874 1185 3922 21
1211 3869 1266 3936 legi

68 3952 144 4020 apud
162 3949 374 4019 Triphiodorum
394 3952 462 4019 322).

140 4041 162 4107 ¹)
182 4039 288 4106 Bergae
307 4036 413 4094 ἐιιᾶῐοῐ
451 4039 623 4096 Scholiastae
641 4043 725 4097 rerba
750 4043 819 4098 haec
842 4052 919 4099 sunt:
944 4048 1048 4119 ᾔσθετο
1070 4046 1098 4117 ‘li
1118 4051 1201 4116 ιιειριι
1221 4039 1264 4097 ὅιι

68 4129 83 4193 p‘
102 4129 232 4195 Σαλαμὶς
251 4132 334 4198 φέρει
354 4128 462 4196 ἄνδρας
481 4131 619 4198 ἀγαθούς.
638 4132 675 4189 οἷς
694 4137 740 4183 καὶ
755 4125 889 4202 Ὅμηρος
909 4138 952 4184 roi
973 4132 1123 4199 διαλογῆς
1142 4134 1264 4194 diorum,

67 4215 133 4266 dari
153 4212 204 4266 τοῦ
223 4214 402 4279 αἰσθόμενοι.

141 4307 162 4368 ⁸)
180 4302 297 4358 Gravius
316 4303 409 4357 vitium
435 4299 541 4357 obsedit
567 4303 691 4356 αἰιδοεκ·
711 4306 834 4356 ἄκουσεν
857 4301 928 4371 quod
952 4304 1084 4359 intactum
1112 4303 1265 4372 relinquere

67 4390 155 4443 tutius
174 4397 223 4444 est.
244 4420 273 4429 -
295 4389 378 4445 Suam
406 4390 491 4457 ipsius
517 4389 550 4442 de
575 4389 617 4443 his
642 4389 736 4443 formis
762 4389 917 4458 opinionem
942 4389 1090 4446 Hoffmann
1116 4391 1182 4447 mihi
1209 4406 1264 4444 uon

66 4477 204 4543 probarit
