2964 5018
546 253 783 315 —499-

59 461 80 506 a
103 439 214 506 radice
236 442 299 506 sed.
344 442 487 507 Praefixi
511 440 543 503 ci-
567 442 601 506 in
624 443 684 505 hoc
711 440 840 505 nomine
870 443 1069 520 potestatem
1093 439 1261 519 praeclare

58 546 207 612 illustrat
227 548 411 629 Xenophon
441 547 575 611 Memor.
599 546 652 610 ΙΙΙ
678 549 733 626 14,
759 547 778 609 2
808 543 1008 625 καταμαθών
1032 545 1068 608 δέ
1099 570 1176 607 ποτε
1200 548 1262 607 τῶν

61 650 334 716 συνδειπνούντων
357 648 429 714 τινὰ
453 655 510 714 τοῦ
524 653 584 731 μὲν
608 651 700 714 σι’του
717 651 928 731 πεπαυμένον,
954 646 990 714 τὸ
1014 651 1049 712 δὲ
1072 643 1260 728 ὅψονάὕτὸ

60 754 137 818 καθ’
167 753 245 820 αὑτὸ
276 757 429 820 ἐσθίοντα
455 793 494 801 -
514 753 662 839 Ἔχοιμεν
697 754 752 834 ἄν,
785 756 858 840 ἔφη,
883 747 907 820 ὦ
932 753 1044 835 ἄνδρες
1067 756 1185 831 εἰπεῖν,
1210 753 1264 816 ἐπὶ

62 861 143 946 ποίῳ
167 862 244 924 ποτὲ
268 861 348 950 ἔργῳ
372 863 543 944 ἅνθρωπος
567 859 739 947 ὀψοφάγος
762 871 924 939 ααλεῖται;
951 864 1097 927 ἐσθίουσι
1120 861 1179 938 μὲν
1201 856 1262 942 γὰρ

63 962 101 1049 δὴ
127 964 243 1041 πάντες
259 966 328 1029 ἕπτ’
350 970 402 1052 τῷ
426 967 526 1051 σι’τῳ
550 964 644 1048 ὀψον,
669 965 747 1032 ὅταν
764 972 859 1055 παρῇ·
878 965 947 1031 ἀλλ’
965 964 1021 1031 οὐκ
1038 963 1133 1048 οἶμαί
1146 991 1194 1027 πω
1210 962 1264 1027 ἐπί

62 1067 165 1155 τούτῳ
187 1094 223 1152 γε
247 1066 415 1153 ὀψοφάγοι
437 1074 620 1135 καλοῦνται.
663 1068 710 1136 Οὐ
732 1068 793 1155 γὰρ
812 1064 876 1149 οὖν,
901 1071 963 1155 ἔφη
988 1097 1035 1146 τις
1056 1074 1119 1134 τῶν
1143 1067 1262 1149 παρόν-

63 1198 135 1238 των.
186 1172 228 1236 Τι’
253 1171 333 1257 γάρ,·
363 1174 443 1258 ἔφη,
476 1174 532 1238 ἐάν
562 1202 610 1252 τις
634 1174 729 1239 ἄνευ
761 1180 833 1239 τοῦ
865 1178 986 1240 σι’του
1014 1173 1050 1239 τὸ
1072 1172 1160 1253 Ιὄψον
1184 1170 1263 1237 αὐτὸ

63 1279 159 1366 ἐσθίῃ
180 1275 225 1363 μὴ
251 1276 426 1364 ἀσκήσεως,
454 1278 528 1343 ἀλλ’
553 1279 669 1366 ἡδονῆς
693 1280 793 1357 ἕνεκα,
827 1276 963 1361 πότερον
986 1276 1158 1363 ὀψοφάγος
1182 1274 1264 1342 εἶναι

64 1387 153 1447 δοκεῖ
184 1382 203 1467 ἢ
236 1381 292 1462 οὕς
323 1387 432 1472 Σχολῇ
459 1383 487 1469 γ’
520 1384 576 1463 ἄν,
613 1385 693 1471 ἔφη,
729 1383 824 1460 ἄλλος
855 1411 903 1461 τις
934 1382 1106 1474 ὀψοφάγος
1138 1383 1196 1468 εἴη.
1223 1420 1262 1428 -

64 1489 220 1553 τοῦτοδὲ
244 1493 301 1552 τοῦ
322 1488 515 1574 Σωκράτους
539 1487 690 1567 εἰπόντος,
717 1490 852 1571 νομίσας
877 1487 1075 1565 ὀνεανι’σκος
1099 1490 1143 1564 εἰς
1169 1486 1266 1552 αὑτὸν

64 1595 220 1679 εἰρῆσθαι
245 1591 284 1656 τὰ
309 1594 466 1677 λεχθέντα
491 1595 527 1658 τὸ
549 1596 609 1676 μὲν
633 1592 717 1674 ὅψον
742 1592 797 1659 οὐκ
820 1593 986 1659 ἐπαύσατο
1011 1594 1139 1672 ἐσθίων,
1167 1591 1266 1676 ἄρτον

65 1698 100 1762 δὲ
125 1696 337 1778 προσέλαβε.
386 1696 433 1762 Of.
463 1696 560 1761 etiam
585 1697 638 1762 ΙΠ
663 1701 719 1778 14,
751 1701 771 1763 6
801 1697 817 1763 ὁ
842 1701 876 1762 δὲ
900 1699 1105 1775 συνεθισθεὶς
1130 1695 1186 1763 τὸν
1209 1702 1264 1762 ἕνα

66 1798 184 1882 ψωμὸν
207 1796 256 1864 ἔνι’
278 1797 350 1889 ὅψιρ
380 1803 595 1886 προπέμπειν,
628 1800 681 1867 ὅτε
710 1799 756 1887 μὴ
782 1804 899 1886 παρειή
929 1801 1047 1880 πολλά,
1081 1801 1202 1866 δύναιτ’
1227 1800 1266 1866 ἂν

65 1902 194 1980 ἀλύπως
217 1908 261 1991 τῷ
290 1900 338 1968 ἔνι’
359 1910 518 1990 χρῆσθαι.
565 1905 617 1970 Ex
648 1905 808 1970 communi
837 1904 1000 1970 hominum
1029 1924 1119 1969 more
1144 1910 1205 1970 πᾶν
1230 1909 1265 1970 τὸ

63 2006 148 2091 μετὰ
172 2005 273 2090 ἄρτου
303 2008 370 2085 (ἕπτ’
400 2014 444 2096 τῷ
476 2009 553 2098 σι’τφ
583 2028 609 2073 S.
634 2008 721 2097 ἄρτῳ
747 2008 833 2073 Xen.
858 2008 976 2091 Cyrop.
1002 2008 1019 2072 I
1044 2009 1072 2089 2,
1101 2012 1157 2090 11;
1183 2010 1265 2073 ‘zum

65 2111 203 2196 Brode’)
234 2111 426 2194 ἐσθιόμενον
454 2112 493 2198 (S.
523 2119 586 2178 πᾶν
616 2113 652 2177 τὸ
685 2113 972 2195 προσεσθιὸμενον)
1006 2112 1091 2193 ὄψον
1120 2122 1265 2178 καλεῖται

64 2217 180 2303 (schol.
205 2225 241 2283 A
264 2220 338 2284 630.
374 2219 479 2284 Lehrs
501 2217 793 2303 1111111111111150)
818 2217 924 2303 (vern.
950 2218 1147 2305 ‘Zukoat)'.¹)
1186 2216 1265 2280 Pec-

64 2327 143 2388 cant
166 2326 281 2387 contra
311 2323 397 2389 hunc
424 2342 545 2388 morem
577 2323 632 2403 qui
664 2321 749 2406 ὄψου
780 2322 854 2388 ἄνευ
885 2329 942 2388 τοῦ
972 2325 1064 2389 οιόοο
1094 2321 1267 2387 comedunt

65 2431 100 2492 ct
116 2426 338 2507 appellatione
360 2432 519 2493 notantur
533 2446 649 2509 parum
672 2428 812 2492 honesta
828 2427 1016 2512 ὀψοφάγοι.
1040 2425 1266 2492 Coniecturae]

67 2531 108 2596 dc
130 2530 220 2598 vocis
244 2531 329 2614 ὄψον
353 2532 477 2615 origine
501 2533 671 2597 confirmat
699 2532 769 2613 ipse
797 2532 959 2599 Homerus
983 2540 1019 2598 A
1042 2534 1105 2597 630
1128 2528 1268 2611 κοὸμοοι1

65 2641 155 2723 ποτῷ
179 2634 264 2716 ὄψου
285 2635 305 2699 1.
338 2654 365 2700 e.
392 2635 560 2718 ιΖινίοοοΙ,
586 2636 637 2701 die
661 2655 733 2701 zum
757 2634 920 2721 (sl-oven
944 2655 1105 2720 genossen
1129 2631 1266 2717 wird'.⁸)

65 2739 245 2821 Aptissima
276 2738 378 2806 vertit
407 2740 446 2803 V.
470 2739 567 2804 Hehn
598 2739 870 2820 Kulturpflanzcn
899 2759 929 2804 u.
961 2736 1180 2805 Hauathiere⁵
1206 2738 1266 2800 162

65 2843 236 2908 ‘Beiesacn
259 2860 331 2906 zum
355 2841 613 2928 Mischtrank'.⁸)

141 2982 160 3047 ¹)
179 2980 355 3052 ἐπίδαιτρον·
375 2981 453 3047 ὄψον
471 2980 535 3036 Hes.
555 2980 656 3038 Athen.
676 2981 741 3034 XIV
760 2981 847 3037 6160.

139 3069 160 3134 ²)
179 3065 295 3124 Philem,
314 3065 349 3122 fr.
368 3071 414 3132 85,
434 3072 449 3119 3
469 3066 495 3119 II
516 3067 605 3123 503Κ.
631 3062 671 3127 εἷς
695 3071 794 3141 ἄρτος,
819 3071 896 3137 ὄψον
920 3069 1018 3138 ἰσχάς,
1042 3071 1169 3121 ἐπιπιεῖν
1194 3061 1267 3140 ὕδωρ

65 3152 114 3206 ubi
134 3154 209 3220 ὄψον
228 3153 245 3206 i.
265 3152 323 3206 sere
341 3171 365 3220 q.
387 3157 549 3225 ἐπιφαγεῖν.
586 3154 655 3212 Poll.
680 3155 718 3208 VI
743 3159 776 3207 39
805 3158 960 3226 ἐπιφαγεῖν
986 3156 1084 3224 ἔλεγον
1107 3152 1138 3206 τὸ
1162 3157 1209 3207 lui
1231 3153 1268 3221 τῷ

66 3243 145 3310 ἄρτῳ
165 3242 242 3306 ὄψον
261 3242 415 3295 ἐπεσθίειν.

139 3328 161 3390 ³)
179 3326 247 3379 Fick
265 3326 320 3383 BB.
332 3327 373 3380 lll
394 3333 440 3381 161
462 3332 554 3398 ὄγμος
573 3329 590 3382 i.
608 3345 634 3396 q.
654 3331 781 3399 ό-γμ-ος
800 3345 860 3384 ease
878 3329 994 3384 coniecit
1012 3328 1122 3383 ductum
1141 3344 1158 3381 a
1176 3325 1269 3381 radice

66 3432 121 3483 γεμ
142 3413 171 3466 in
197 3419 281 3483 γέντο
306 3408 444 3484 ὕγγεμος,
473 3423 502 3467 at
526 3413 684 3483 obloquitur
711 3416 795 3472 noti0.
832 3422 860 3470 Σ
875 3423 925 3469 1116
954 3420 1042 3487 ὄγμοι
1061 3420 1126 3469 sunt
1151 3418 1269 3473 αὕλακες

65 3500 115 3581 (sio
133 3497 198 3556 Hes.
217 3514 237 3553 s.
256 3514 280 3552 v.
300 3501 345 3568 qui
364 3514 386 3553 s.
404 3516 428 3552 v.
449 3500 495 3554 εἶν’
516 3502 625 3571 ὄγμούς
644 3501 722 3556 addit
748 3501 798 3567 τὴν
816 3502 985 3572 σχιζομένου
1013 3505 1128 3554 αὔλακα.
1165 3500 1269 3556 Archil.

69 3591 119 3637 116
138 3586 230 3654 ὄγμος
249 3610 282 3629 =
302 3585 428 3641 ‘Furche'
447 3587 534 3655 ‘ruga'
554 3587 599 3657 [ci.
619 3596 712 3643 tamen
730 3589 838 3657 Laeger
857 3587 891 3642 de
909 3593 1031 3643 votorum
1051 3589 1119 3656 cpic.
1132 3587 1223 3643 studio
1241 3589 1269 3641 in

67 3669 227 3725 Archilochi
245 3679 307 3725 cett.
329 3672 451 3740 reliquiis
469 3674 615 3740 conspicuo
628 3673 683 3743 18],
699 3677 817 3744 ὀγμιος
831 3700 864 3718 =
882 3673 1017 3742 ‘rugosus'
1031 3673 1119 3729 Smith
1132 3674 1217 3728 JHSt.
1230 3674 1268 3727 lV

70 3762 120 3810 110
139 3756 204 3824 oi).
234 3763 263 3811 Σ
278 3765 327 3811 556
347 3774 387 3827 sq.
407 3760 550 3828 (βασιλεὺς
570 3761 594 3812 δ”
614 3763 721 3827 ἑστήκει
742 3761 786 3815 ἐπ’
805 3764 912 3832 ὄγμου)
932 3760 975 3815 ἐπ’
996 3764 1089 3832 ὄγμου
1102 3787 1135 3805 --
1149 3764 1269 3821 αὕλακος

68 3857 123 3897 non
151 3844 240 3898 minua
268 3853 362 3912 aptum
390 3862 473 3914 quam
498 3849 599 3917 furrow
628 3848 762 3917 Shakcsp.
788 3849 917 3917 Tempcst
944 3853 998 3905 act.
1027 3848 1079 3902 lV:
1113 3849 1176 3919 ‘you
1207 3865 1269 3902 sun-

68 3928 168 3984 burn’d
187 3929 350 3998 sicklemen‚
375 3930 406 3984 of
427 3936 535 3999 August
557 3947 663 4002 weary,
687 3949 763 3988 come
789 3934 881 3988 hither
905 3933 975 3987 from
1001 3933 1048 3986 the
1074 3932 1190 3987 furrow'.
1228 3933 1269 3987 De

68 4022 96 4071 Σ
106 4021 165 4072 552.
183 4023 214 4070 Λ
227 4021 259 4069 el
274 4033 313 4083 sq.
333 4016 538 4073 h.h.Ce1·.456
556 4021 582 4086 (μ’
602 4023 747 4091 ἐπίστιχος
767 4027 813 4074 καὶ
830 4021 992 4086 αὕλακώιῖης
1012 4027 1114 4091 φυτεία
1132 4020 1269 4088 Eustalh.)

68 4103 104 4160 cf.
133 4103 232 4158 Aeach.
263 4103 338 4171 Sept.
370 4108 429 4160 516.
467 4104 605 4162 Τ11οου111.
633 4106 658 4158 X
687 4112 711 4163 2.
741 4113 756 4159 6
791 4108 849 4175 (ubi
876 4125 900 4165 ν.
928 4107 1174 4172 Fricsche-Hillcr).
1217 4110 1270 4173 Ali.

69 4191 121 4247 Rh.
148 4191 189 4244 Ill
216 4197 282 4245 1053
303 4209 360 4259 sqq.
386 4196 415 4246 cl
442 4207 512 4258 quac
540 4192 656 4247 adnotat
681 4193 781 4249 Kaibci
805 4194 841 4250 ad
867 4197 951 4264 epigr.
979 4213 1018 4250 nr.
1041 4201 1142 4263 116,1.
1180 4196 1270 4264 ὄγμοι

69 4280 153 4332 etiam
177 4278 241 4332 ‘iter
259 4278 402 4346 aidemm’3
431 4294 494 4331 nam
522 4279 603 4334 ‘ohne
631 4280 675 4334 die
703 4281 850 4336 manifesta
876 4292 955 4337 rotae
978 4283 1094 4351 vestigia
1121 4281 1176 4352 [dic
1195 4280 1270 4335 Rad-

68 4363 196 4435 iurchcn}
215 4366 337 4420 konnten
356 4366 413 4420 sich
434 4366 477 4420 die
496 4365 578 4420 Alton
598 4367 668 4420 auch
688 4367 764 4421 nicht
782 4367 826 4422 dic
845 4370 1031 4425 Sonncnbahn
1051 4371 1086 4424 im
1105 4360 1193 4424 kicher
1211 4384 1270 4421 ror·

68 4451 178 4506 atellen'
197 4453 319 4519 (Curtius
338 4452 409 4508 Abh.
423 4452 496 4510 Berl.
509 4455 557 4506 Ac.
574 4459 639 4508 1851
658 4472 681 4508 z.
695 4453 791 4508 Geach.
806 4455 832 4511 d.
846 4457 1002 4525 Wegebaus
1015 4458 1041 4516 b.
1055 4457 1080 4515 d.
1094 4458 1140 4516 Gr,
1154 4458 1223 4525 221).
1237 4485 1268 4495 —

70 4541 163 4610 ὄγμος
187 4555 208 4592 ι.
233 4542 322 4609 ὄγμος
346 4539 408 4593 Hes.
429 4547 524 4594 natum
547 4554 607 4594 esse
632 4541 757 4608 suspicor
779 4556 813 4594 ex
838 4542 969 4599 *acic-mos
998 4544 1066 4612 (rad.
1094 4548 1140 4598 sec
1166 4546 1194 4599 in
1221 4544 1270 4600 lat.

1062 4635 1127 4699 32*
