2940 5026
699 215 915 281 ..56-

295 406 391 492 adeps
413 403 574 490 prolaps
605 406 632 470 si
654 406 740 472 iorte
769 413 859 472 recte
890 407 1013 474 conieci
1043 406 1185 472 Homero
1216 412 1245 469 Y
1263 408 1307 472 62
1335 408 1407 474 red·

208 512 350 580 dandum
374 529 456 592 esse,
479 515 613 593 repetas
635 530 676 576 ex
700 510 836 595 “ἔσχαχε
859 536 889 563 >
916 509 1048 595 ’ὲχχαχε
1073 534 1101 559 >
1128 506 1253 592 *alapa
1262 512 1288 588 1)

294 617 395 684 Verbi
426 616 573 703 αὐερύειυ
602 638 680 701 pars
710 617 800 700 prior
829 615 906 696 quid
937 614 998 680 sibi
1028 614 1124 698 velit,
1157 622 1250 681 certa
1280 617 1409 683 ratione

208 720 328 788 efficias
351 740 392 788 ex
415 742 478 789 uno
501 722 572 789 loco
595 721 757 788 homerico
784 724 814 788 Θ
837 722 900 785 323
925 737 1012 800 sqq.:

435 824 449 891 ἦ
470 845 513 880 τοι
533 825 548 879 ὃ
565 828 623 896 μέν
640 831 780 900 φαρέτρης
800 823 916 882 ἐξείλετο
936 821 1040 892 πικρὸν
1060 822 1166 887 διστὸν,

433 914 503 980 θῆκε
523 914 548 966 δ’
568 914 745 986 έττλννευρῇ·
765 911 815 966 τὸν
835 911 860 964 δ’
880 909 915 965 αὐ
936 915 1123 980 κορυθαίολος
1137 905 1245 984 Ἕκτωρ

435 1001 593 1073 αὐερύοντα
612 999 677 1074 παρ’
697 997 777 1071 ὦμον
797 1030 828 1039 -
849 1000 934 1069 βάλεν
953 1001 1024 1069 λίθῳ
1045 1000 1195 1072 ὀκριόεντι,

208 1088 263 1156 ubi
286 1088 327 1155 de
350 1089 477 1156 Teucro
500 1108 683 1156 sermonem
710 1107 783 1154 esse
811 1104 907 1153 arcus
937 1105 1074 1154 nervum
1105 1087 1156 1153 cni
1188 1086 1314 1170 sagitta
1345 1088 1408 1154 iam

207 1193 361 1277 imposita
384 1200 456 1260 erat
477 1198 595 1260 retro
619 1194 772 1259 trahente
796 1198 830 1258 et
848 1210 959 1258 umero
982 1191 1116 1274 propius
1132 1192 1332 1261 admovente
1355 1212 1408 1260 res

207 1299 280 1380 ipsa
302 1298 375 1364 luce
398 1297 517 1364 clarius
541 1298 653 1380 docet,
685 1302 723 1363 ut
753 1303 902 1365 veterum
931 1296 1050 1363 iudicio
1082 1296 1192 1364 ὅτιτὸ
1225 1296 1408 1383 αὐερύοντα

209 1407 324 1489 σαφῶς
359 1405 403 1480 εἰς
442 1399 585 1469 τούπίσω
623 1402 754 1468 ἕλκοντα
789 1401 979 1488 (Aristonis.
1014 1402 1056 1468 ad
1089 1403 1166 1488 loc.)
1201 1404 1407 1470 subscribere

207 1527 288 1575 sano
311 1506 440 1589 quidem
465 1504 614 1572 dubitare
644 1525 709 1572 non
727 1505 847 1583 hosat.
892 1507 1041 1573 Eandem
1071 1508 1236 1574 notionem
1264 1509 1408 1576 admittit

208 1620 250 1680 M
273 1615 334 1680 261
359 1611 423 1692 (ὅτι
450 1615 495 1690 εἰς
525 1609 670 1678 τούπίσω
694 1606 796 1677 εἷλκον
826 1610 1016 1698 Aristonic.)
1045 1630 1063 1678 e
1086 1632 1149 1695 quo
1173 1632 1273 1681 versu
1296 1619 1406 1682 tamen

207 1719 276 1786 solo
299 1718 378 1785 nihil
401 1718 482 1784 certi
506 1737 611 1785 eruas.
658 1717 766 1784 Erant
788 1717 843 1799 qui
869 1721 981 1783 notam
1005 1717 1200 1799 particulam
1224 1711 1265 1784 αὖ
1290 1738 1405 1803 agnos·

207 1843 282 1892 cere
305 1824 365 1890 sibi
388 1823 595 1906 videreutnr3
620 1828 656 1889 at
678 1826 793 1905 aperte
816 1821 1005 1906 refragatur
1027 1827 1182 1890 constans
1205 1823 1406 1892 Graecorum

207 1949 286 1997 usus
309 1928 363 2010 qui
390 1929 465 1995 huic
494 1929 631 1997 voculae
657 1932 856 2010 potestatem
886 1926 1024 1993 localem
1047 1946 1176 2010 semper
1199 1928 1407 2012 denegarunt

208 2035 341 2116 etipse
370 2032 533 2098 Homerus
567 2035 596 2099 Θ
619 2034 684 2098 324
707 2052 754 2113 sq.
786 2051 882 2113 quem
912 2024 1083 2113 adprime
1114 2031 1240 2098 usitata
1262 2033 1405 2115 notione,

208 2139 326 2207 deinde
349 2138 474 2204 duobus
497 2140 626 2202 tantum
657 2135 824 2204 vocabulis
853 2135 1035 2202 interiectis
1064 2136 1098 2202 in
1129 2136 1275 2204 eiusdem
1307 2158 1405 2206 enun-

206 2243 281 2309 tiati
310 2239 599 2324 comprehensione
629 2259 649 2306 a
678 2239 745 2306 fixa
767 2238 967 2307 Graecorum
998 2243 1033 2305 et
1062 2257 1123 2305 sua
1144 2239 1248 2322 ipsius
1272 2262 1405 2311 consue·

206 2347 320 2414 tudine
353 2347 562 2414 recedentem
597 2347 639 2413 ad
672 2351 796 2413 motum
824 2345 961 2412 localem
992 2344 1187 2428 signandum
1218 2348 1406 2417 adhibuisse

206 2452 295 2519 haud
317 2451 414 2520 facilc
436 2453 562 2520 credas

294 2557 438 2623 Verbum
477 2555 623 2641 αὐερύειν
659 2554 799 2621 recurrit
835 2554 869 2621 in
906 2573 943 2619 re
981 2572 1077 2620 sacra
1111 2562 1146 2622 A
1179 2557 1246 2623 458
1281 2576 1353 2642 sqq,
1386 2590 1406 2614 =

208 2664 322 2728 19421
348 2679 417 2742 sqq.

418 2761 508 2837 αὐτὰρ
528 2767 591 2818 inst
610 2763 633 2836 ρ’
654 2765 770 2822 εὔξαντο
790 2768 837 2816 καὶ
858 2764 1010 2833 οὐλοχύτας
1030 2767 1220 2840 προβάλοντο,

417 2854 559 2926 αὐέρυσαν
577 2853 634 2921 μὲν
653 2852 750 2924 πρώτα
769 2856 816 2903 καὶ
836 2851 963 2920 ἔσφαξαν
982 2857 1028 2905 καὶ
1049 2852 1172 2926 ἔδειραν,

416 2940 525 3013 μηρούς
544 2938 566 2992 τ’
587 2939 724 3008 ἐξέταμον
743 2940 814 2992 κατά
835 2957 863 2992 τε
883 2944 963 3012 κνίση
984 2940 1130 3010 ἐκάλυψαν
1149 2944 1205 2995 κτλ.

294 3030 398 3113 Quem
420 3028 525 3094 locum
548 3026 781 3109 interpretanti
803 3045 919 3094 versus
947 3055 966 3112 η
995 3030 1058 3094 447
1091 3048 1160 3110 sqq.
1195 3029 1406 3101 advocandos

207 3151 280 3200 esse
304 3153 364 3216 ego
388 3149 581 3215 persuasum
603 3132 718 3197 habeo.
753 3131 825 3197 Illic
848 3133 933 3199 enim
956 3134 1038 3199 haec
1052 3132 1208 3217 leguntur
1230 3138 1404 3206 maximam

206 3244 334 3320 partem
357 3240 458 3305 verbo
481 3244 578 3303 mnus
601 3256 673 3303 cum
696 3236 810 3303 Iliadis
832 3238 911 3304 locis
935 3237 1175 3319 conspirantia:

380 3356 471 3432 αὐτὰρ
492 3363 555 3413 ἐπεί
574 3357 596 3431 ῥ’
617 3359 734 3416 εὔξαντο
754 3364 800 3410 καὶ
822 3360 975 3429 οὐλοχύτας
995 3361 1184 3430 προβάλοντο,
1356 3371 1404 3417 tlt
1430 3357 1436 3366 ’

381 3448 482 3498 αὐτίκα
501 3450 645 3519 Νέστορος
665 3442 725 3504 υίὸς
745 3446 914 3514 ύττέρθυμος
934 3446 1121 3519 Θρασυμήδης

382 3537 483 3600 ἤλασεν
502 3536 571 3604 άχχι
589 3534 667 3593 στάς·
687 3536 804 3592 πέλεκυς
824 3533 850 3585 δ’
870 3536 1002 3602 α’πέκοψε
1021 3540 1154 3594 τένοντας

382 3624 541 3692 αὐχενίους,
559 3622 641 3675 λῦσεν
661 3621 690 3675 δέ
710 3619 776 3688 βοὸς
793 3625 890 3690 μένος·
910 3624 940 3674 αἳ
959 3621 985 3675 δ’
1004 3622 1137 3681 ὀλόλυξαν

381 3715 536 3783 θυγατέρες
555 3728 584 3764 τε
604 3715 668 3764 νυοί
685 3727 714 3763 τε
734 3714 779 3761 καί
801 3709 892 3774 αἰδοίη
912 3710 1091 3782 παράκοιτις.
1356 3724 1404 3771 451

381 3802 409 3854 οἳ
427 3803 484 3870 μὲν
503 3797 590 3853 ἔπειτ’
610 3798 758 3855 άνελόντες
778 3794 837 3849 άπὸ
854 3797 963 3868 χθονὸς
983 3800 1143 3873 εὐρυεδείης
1356 3811 1404 3858 lna

380 3890 471 3957 ἔσχον·
491 3883 565 3959 άτὰρ
586 3884 695 3955 σφάξεν
714 3891 921 3956 Πεισίστρατος
942 3889 1067 3959 ὄρχαμος
1087 3890 1208 3961 άνδρών.

379 3976 424 4039 τῆς
446 3975 471 4026 δ’
492 3976 553 4028 ἐπεὶ
574 3975 604 4031 la
622 3975 713 4042 μίλαν
732 3963 805 4041 αἷμα
824 3972 885 4041 ῥύη,
904 3978 966 4029 λίπε
987 3974 1012 4027 δ’
1032 3977 1116 4031 δστέα
1134 3980 1239 4047 θυμός,

381 4063 446 4131 αίηύ
465 4067 522 4136 άρα
541 4083 594 4130 μιν
613 4061 755 4132 διέχευαν,
775 4064 855 4135 άιχαρ
876 4059 900 4113 δ’
921 4063 950 4115 ἐκ
968 4069 1058 4133 μηρία
1078 4066 1189 4135 τάμνον

382 4151 477 4204 πάντα
497 4148 567 4203 κατά
587 4159 718 4223 μμοῖραν
737 4152 808 4204 κατά
828 4168 856 4204 τε
876 4157 955 4224 κνίση
975 4152 1129 4220 έκάλυψαν.

278 4338 300 4404 ¹)
319 4336 436 4394 Uberius
463 4340 507 4409 egi
533 4339 566 4395 de
592 4340 644 4396 hoc
671 4341 753 4397 verbo
781 4342 967 4410 disputatione
992 4343 1097 4399 Knhnii
1125 4345 1273 4402 annalibus
1301 4349 1406 4405 inserta

204 4425 307 4492 (XXIX
327 4431 378 4481 230
397 4428 465 4496 sqq.)
488 4427 531 4481 cui
550 4445 623 4483 nunc
640 4429 715 4484 haud
734 4445 823 4499 pauca
842 4446 925 4499 penes
944 4447 987 4486 me
1005 4431 1095 4487 habeo
1115 4449 1185 4505 quae
1205 4434 1270 4491 addi
1293 4446 1404 4508 queant.

205 4513 285 4570 Unde
304 4514 432 4584 graviora
451 4515 517 4570 mihi
535 4516 564 4571 in
582 4517 714 4588 epimetro
733 4517 774 4573 111
793 4518 953 4588 depromere
972 4522 1063 4578 liceat.
