2956 5040
605 218 844 283 -279-

125 406 263 487 debebit,
288 406 316 472 si
339 408 380 474 de
404 410 501 472 πλείω
525 409 621 472 πνείαν
644 410 756 492 ἐγχείιο
780 408 887 493 (redd.
910 420 985 493 ulis
1010 434 1087 494 nusf
1109 411 1177 496 pet)
1201 412 1321 478 ubine

24 579 28 585 ,
124 513 238 577 umbra
276 511 405 591 qudem
446 511 571 580 formae
609 513 767 595 gemellae
801 515 878 598 plac
911 530 997 599 paco
1033 513 1113 598 phou
1152 513 1323 596 dispicitur

124 615 346 697 quaestionem
369 618 497 684 ratione
520 618 694 684 instituere
717 620 808 686 velis.

210 722 386 788 Productio
409 723 442 788 in
474 725 571 789 αντία
602 743 714 790 earum
744 731 871 791 tantum
903 726 1080 792 formarum
1111 724 1244 809 proprie
1271 730 1323 791 est

122 846 206 907 quac
229 826 326 892 aliter
348 828 444 893 metri
467 829 596 895 vinculo
620 829 759 912 astringi
782 850 846 896 non
870 836 1027 914 possumt3
1051 831 1212 896 rationem
1235 829 1319 895 enim

122 950 218 1012 quam
255 931 328 996 iniit
360 932 525 998 Hesiodus
559 934 725 1016 Theogon.
760 938 824 1001 319
864 935 932 1021 (vel
965 936 1074 1020 potius
1109 934 1318 1018 Theogoniac

120 1035 349 1121 interpolator)
374 1036 476 1103 ἔτικτε
501 1040 659 1104 πνέουσαν
681 1039 886 1126 (υ-ὐυ-ιυμ)
910 1046 948 1107 ut
973 1043 1035 1107 hoc
1057 1040 1261 1124 participium
1285 1039 1318 1105 in

120 1159 251 1208 uersum
285 1141 469 1208 includeret
498 1145 539 1209 ab
562 1144 696 1211 Homeri
727 1146 961 1212 consuetudine
985 1165 1118 1228 prorsus
1142 1147 1319 1212 abhorrere

119 1245 216 1325 docet
245 1246 396 1328 Spitzner
426 1248 482 1333 (dc
510 1269 596 1316 vers.
626 1269 735 1332 meet.
759 1252 889 1317 heroico
913 1252 980 1336 98).
1026 1253 1140 1333 Neque
1169 1249 1319 1317 invenies

93 1344 96 1350 ’
119 1351 207 1433 apud
230 1352 407 1418 Homerum
431 1355 516 1434 quod
547 1356 659 1421 formis
683 1358 825 1438 ἐιιτινειέι
848 1357 966 1423 Kaibel
989 1375 1038 1422 ur.
1063 1357 1137 1437 562,
1162 1358 1182 1420 9
1215 1380 1316 1440 προσ-

18 1533 23 1542 .
120 1460 219 1523 πνείει
244 1459 406 1524 Theocrit.
430 1461 529 1525 XVII
552 1462 594 1525 52
619 1463 773 1526 ἐπιπνείει
795 1462 863 1526 ΑΡ.
888 1461 953 1526 VH
975 1462 1049 1542 532,
1075 1464 1095 1525 6
1117 1459 1319 1543 respondeat

118 1570 178 1629 aut
214 1564 398 1647 Aeschyleo
440 1565 624 1629 καταπνειέι
666 1564 848 1630 imitatione
885 1583 964 1630 usus
1005 1564 1159 1630 homerici
1201 1582 1316 1646 parum

118 1673 273 1734 accurata
304 1668 384 1734 ortis
415 1666 546 1751 (Agam.
577 1671 656 1751 1053
688 1668 727 1734 cf.
760 1668 900 1734 πρίονθ’
932 1669 1073 1752 Choeph.
1104 1670 1177 1734 622.
1210 1668 1316 1734 Gerth

118 1773 151 1838 C.
177 1772 268 1838 Stud.
292 1772 363 1854 12,
388 1773 477 1858 243).
1067 1848 1070 1853 ,

203 1879 300 1959 μένεα
325 1879 485 1955 πνείοντες
508 1884 539 1944 Β
561 1880 634 1944 536.
668 1882 699 1944 Γ
717 1880 747 1943 8.
778 1885 815 1944 Λ
837 1881 910 1945 508.
943 1881 974 1943 Ω
996 1881 1070 1945 364.

204 1984 299 2064 με’νος
323 1984 483 2059 πνείοντες
504 2009 527 2066 χ
550 1984 624 2048 203.

205 2089 348 2153 πνείοντε
372 2093 407 2154 Ν
428 2089 502 2154 385.
574 2159 576 2165 A

205 2193 371 2269 πνείοντας
396 2196 416 2257 t
436 2194 510 2258 567.

204 2298 376 2361 πνείουσαν
400 2299 521 2377 δ446;
546 2295 585 2361 of.
610 2296 743 2360 Hesiod.
768 2294 855 2360 Scut.
881 2295 932 2359 24.

204 2399 385 2465 ἀποπνείων
411 2406 443 2465 Δ
468 2402 541 2464 524.
582 2405 616 2464 Ν
641 2402 714 2464 654.
747 2425 846 2463 -ουσα
871 2404 901 2462 Ζ
930 2397 1036 2482 182²)
1073 2402 1093 2462 cl
1112 2400 1187 2463 406.
1226 2399 1256 2463 h.
1281 2400 1311 2463 h.

115 2505 221 2587 Apoll.
245 2484 319 2571 362.
365 2504 498 2570 Hesiod.
524 2504 689 2586 Theogon.
713 2505 787 2570 324.

200 2612 386 2692 ἐμπνείοντε
409 2614 437 2674 Ρ
454 2611 529 2675 502.

200 2717 378 2804 ἑπιπνείῃσι
397 2716 503 2779 δ357.
528 2739 616 2778 -ουσι
635 2712 952 2795 Hesiod.Tlleog011.
971 2714 1044 2778 872.
1069 2739 1169 2777 -ovou
1194 2715 1310 2778 E698.

200 2821 441 2886 καταπνείουσα
464 2819 495 2883 h.
518 2819 549 2882 h.
574 2818 645 2883 Cer.
671 2820 744 2883 239.

113 2925 269 2991 Omnibus
292 2925 372 2991 locis
394 2925 555 3007 producta
585 2922 707 2989 vocalis
737 2922 770 2987 in
800 2921 886 2989 thesi
917 2919 1020 3008 est,³)
1044 2926 1181 3004 excepto
1198 2927 1225 3004 ,δ
1246 2925 1307 2988 361

113 3029 167 3110 qui
190 3048 306 3098 Versus
329 3050 350 3095 a
373 3030 533 3104 πνείοντες
555 3026 678 3108 incipit.

111 3204 276 3271 primitivam
302 3209 376 3274 α’φέπ
402 3200 448 3268 (ci.
472 3205 534 3267 ἔστη
563 3206 624 3270 ἔρρς
652 3199 684 3258 G.
703 3200 799 3270 Meyer
823 3206 833 3236 '·'
857 3200 873 3269 ξ
902 3205 965 3267 526,
993 3206 1007 3252 2
1037 3218 1061 3268 p.
1090 3208 1157 3269 458,
1186 3209 1309 3267 καπίθην

110 3291 189 3345 BCH.
209 3291 275 3344 Vlll
294 3292 354 3359 292)
382 3306 464 3357 quam
491 3290 675 3344 coniecturam
695 3288 771 3356 quasi
795 3296 984 3342 monstrarunt
1008 3287 1085 3345 codd.
1106 3287 1207 3356 Stottg.
1227 3288 1308 3345 Viud.

110 3379 156 3447 qui
175 3381 282 3450 ιτα-εἰμι
302 3379 415 3448 (appar)
434 3378 587 3447 porrigunt.
624 3378 665 3431 De
684 3378 788 3432 aoristo
807 3376 834 3428 in
854 3375 1063 3444 comparatione
1082 3376 1116 3428 ci.
1137 3380 1231 3429 111432

297 3466 405 3530 δίσκου,
425 3460 458 3520 ὃν
478 3463 499 3517 τ’
519 3463 610 3529 αἰζηὸς
629 3467 741 3533 α’τςιῖκεν
761 3465 833 3535 α’νιξρ
853 3465 1030 3536 πειρώμενος
1050 3457 1115 3532 ἥβης

110 3559 138 3606 et
157 3559 259 3606 ‘¹1¹845.
280 3581 311 3591 -
332 3552 429 3605 Nauck
449 3551 543 3605 scribit
562 3568 579 3603 σ
596 3556 647 3605 265
666 3568 699 3605 ex
718 3551 872 3606 Thiersclrii
891 3550 1049 3605 coniectura
1068 3553 1136 3623 ιίνέῃ
1155 3564 1207 3616 pro
1225 3549 1307 3603 libro-

109 3654 169 3692 rum
188 3642 276 3713 ανέσῃ
294 3639 340 3707 qui
353 3638 450 3693 coristi
469 3639 655 3693 coniunctivus
674 3640 697 3692 si
709 3639 777 3694 ferri
795 3638 890 3705 nequit
902 3637 1101 3694 restituendum
1119 3658 1156 3707 με
1176 3640 1234 3711 α’νῇ
1255 3655 1308 3706 quo

110 3728 186 3782 hiatu
209 3728 238 3787 iu
262 3743 377 3783 caesura
401 3743 457 3782 non
482 3724 630 3782 offenditur
655 3728 702 3795 qui
716 3727 840 3780 -llomori
864 3742 943 3780 usum
968 3726 1106 3794 cognitum
1133 3724 1227 3780 habet.
1265 3726 1307 3779 De

109 3816 295 3871 contractione
313 3815 447 3869 vocalium
466 3814 500 3868 ci.
520 3829 543 3868 c.
562 3830 603 3882 gr.
621 3823 637 3885 μ
658 3820 717 3872 358.
735 3832 752 3866 σ
771 3819 829 3867 334.

182 3907 200 3970 ι)
219 3902 275 3956 ἁδὺ
304 3909 445 3962 πνέοντας
472 3901 610 3957 Theocrit.
638 3902 731 3956 XVIII
755 3908 788 3955 lo
811 3903 863 3969 (54.
888 3901 968 3954 XXII
988 3901 1039 3968 82).
1066 3899 1136 3954 celici
1165 3898 1307 3962 πνὲονιας

109 3991 177 4063 δόρυ
195 3990 299 4059 (anap.)
318 3994 365 4047 Ar.
384 3989 454 4043 Rau.
477 3996 551 4046 1016.

180 4081 198 4147 ¹)
219 4086 349 4148 Χίμαιρα
369 4077 465 4131 δεινὸν
478 4080 677 4133 ιῖποανείοασα
691 4078 781 4153 πυρὸς
794 4085 881 4147 μένος
895 4103 924 4122 ν»
934 4079 1082 4153 Χίμαιραν
1095 4079 1151 4152 πῦρ
1166 4076 1307 4133 ariorum!

108 4164 218 4219 Pindon.
239 4165 368 4220 01.ΧΠΙ
388 4172 430 4223 90.
467 4168 524 4238 πῦρ
545 4166 673 4221 πνὲοασα
692 4166 788 4233 Eurip.
808 4165 896 4233 lphig.
916 4164 999 4219 Taur.
1019 4171 1078 4219 288.

178 4253 199 4320 3)
217 4253 350 4307 Fortasse
369 4270 423 4308 non
442 4268 517 4308 mero
536 4253 637 4307 accidit
655 4271 720 4309 casu
746 4260 775 4309 ut
800 4252 873 4322 apud
893 4253 1040 4307 Homerum
1058 4252 1135 4306 nullo
1154 4253 1214 4306 loco
1234 4272 1258 4307 ει
1278 4253 1304 4306 iu

106 4339 276 4405 paenultima
294 4355 389 4394 versum
408 4341 472 4395 sede
496 4339 657 4407 productum
677 4340 929 4410 deprehendamuu;
947 4340 976 4394 id
994 4341 1067 4409 qood
1086 4342 1239 4396 imitatores
1258 4340 1305 4396 ad·

106 4427 216 4480 mittere
240 4442 295 4481 non
317 4427 397 4480 veriti
420 4431 485 4481 sunt
507 4426 581 4494 (Hes.
610 4426 682 4481 Sout.
708 4434 749 4481 24.
780 4432 831 4495 Ap.
852 4428 942 4483 Rhod.
968 4427 1010 4482 ΙΙΙ
1034 4436 1093 4486 931.
1115 4434 1189 4483 1292.
1220 4428 1304 4486 Meiu.

107 4514 157 4568 An.
177 4512 220 4570 nl.
240 4518 290 4566 tot
309 4529 351 4571 ex.
371 4514 425 4568 ΑΡ.
446 4514 471 4567 X
492 4520 532 4581 lt,
554 4516 585 4582 1).
