2940 5026
544 213 781 282 Β-131--’

54 400 146 488 epici
176 425 256 471 usus
286 406 544 472 similitudinem:
584 415 686 485 ξεῖνος
715 407 802 491 bies3
843 407 956 489 οὔρους
986 429 1018 476 v.
1050 406 1109 490 2⁶33
1149 410 1263 486 νοῦσος

54 533 89 578 v.
118 514 198 576 1⁶21:
223 514 359 594 ἐρέσθαι
382 531 413 577 V.
438 515 491 576 64.

147 635 280 681 carmen
311 615 456 680 XXVII.
497 617 587 682 κενόν
616 637 647 684 V.
680 621 718 700 33
756 617 856 700 μόνον
886 639 917 686 v.
952 619 1008 683 15:
1048 618 1143 695 καλός
1174 618 1261 699 bie83

52 725 150 804 xenion
173 725 242 786 4111.

272 809 327 877 σεῦ
347 809 398 873 φεῦ
419 807 470 866 τὰς
489 814 610 877 Πασίας
626 811 713 877 χόλον
733 804 799 872 ἅζεο
818 817 864 862 καὶ
884 811 953 879 σύγε
973 812 1070 882 κιῦρα.

227 903 349 965 χαιρειιιι
368 898 387 947 ιὶ
407 901 520 965 Παρία·
538 898 650 965 μόνον
668 900 747 955 ἵλαος
762 899 892 968 ’Λριεμις
910 902 952 962 εἴη
972 901 1016 962 (14
1035 901 1095 964 am).

149 1019 282 1065 carmen
297 999 462 1065 XXVIII.
486 1003 564 1076 ’ξένω
587 1021 618 1068 v.
643 1003 702 1067 23:
727 1003 835 1078 ξένιον
857 1006 887 1068 6.
912 1001 1018 1079 νόσοις
1040 1021 1072 1069 r.
1097 1004 1149 1068 20.

149 1106 398 1188 epigrammata.
430 1108 526 1185 κᾰιὸς
549 1116 675 1188 quater.
701 1110 807 1174 νόσων
830 1111 860 1186 8,
884 1109 914 1172 2.
940 1107 1014 1173 ὅλον
1040 1108 1089 1187 17,
1113 1110 1144 1171 6.
1176 1107 1263 1183 ξένος

59 1216 113 1293 11,
138 1216 169 1277 3.
199 1214 246 1293 ll,
274 1215 309 1276 l:
334 1221 436 1290 ξεῖνος
459 1216 489 1292 9,
516 1216 544 1277 1.
572 1217 621 1293 14,
648 1218 676 1279 l.
701 1215 805 1298 ’ξείνης
830 1216 879 1293 11,
903 1215 933 1277 3.
959 1213 1030 1277 ἴσον
1055 1214 1105 1292 14,
1132 1216 1166 1276 l:
1191 1208 1264 1275 ι’σσν

61 1320 114 1396 15,
138 1318 168 1380 ⁸2.
199 1322 316 1400 κοῦρον
339 1319 390 1396 20,
414 1320 445 1382 4.

219 1434 251 1488 εὖ
270 1458 323 1506 μιν
342 1440 459 1501 ἔθαψαν
478 1439 586 1508 ἑταῖροι
606 1441 652 1490 r'nl
673 1438 787 1501 ξείνης
806 1436 904 1494 ξένον
923 1439 992 1492 ὄντα
1011 1442 1064 1501 (ll,
1083 1440 1118 1491 al.

218 1527 317 1582 α’σιοῑς
336 1532 382 1575 και
404 1526 577 1582 ξείνοισιν
597 1529 672 1577 ἴσον
692 1531 773 1591 νέμει
794 1518 842 1588 οἶδε
862 1525 985 1596 ιριέιιεζιι
1004 1525 1056 1588 (ll,
1079 1528 1109 1576 lt,

151 1631 252 1695 Plura
286 1630 430 1695 eiusdem
465 1630 608 1712 generisv
631 1628 817 1710 constipare
851 1648 923 1695 cum
958 1631 1089 1695 lectoris
1123 1638 1158 1697 et
1191 1652 1262 1698 meo

60 1737 165 1819 ipsius
189 1734 299 1800 taedio
323 1754 387 1800 non
415 1734 500 1799 tanti
527 1733 676 1800 videtur:
712 1753 797 1814 quae
827 1736 888 1801 sub
911 1754 975 1800 uno
998 1736 1163 1803 oculorum
1188 1757 1261 1802 con-

57 1848 177 1922 spectu
208 1840 301 1921 posui
332 1839 480 1905 sufficere
509 1839 641 1920 opinor,
677 1839 764 1904 unde
795 1838 902 1903 discas
932 1839 1061 1918 qualem
1085 1839 1262 1905 Homerum

57 1965 120 2011 nos
151 1945 248 2010 bodie
278 1945 462 2027 legeremus
487 1982 526 1990 -
551 1943 664 2025 procul
699 1943 797 2008 dubio
827 1942 925 2024 longe
955 1942 1120 2010 diversum
1152 1945 1193 2008 ab
1224 1962 1262 2009 eo

57 2070 155 2130 quem
173 2068 259 2114 nunc
282 2068 380 2114 manu
396 2051 581 2115 versamus!
607 2086 647 2093 —
671 2048 699 2112 si
722 2046 935 2113 vetustissimi
951 2046 998 2110 illi
1021 2053 1139 2127 poetae
1162 2047 1260 2112 licen-

57 2155 140 2220 tiam
175 2172 272 2233 quam
302 2152 421 2218 iniuria
451 2153 690 2233 correptionem
722 2152 879 2217 aeolicum
914 2152 1061 2218 vocitant
1089 2153 1261 2233 probatam

57 2259 254 2323 habuissent
277 2265 311 2323 ct
333 2257 519 2323 admissam.

149 2363 243 2445 Quae
259 2381 330 2427 cum
346 2362 395 2427 ita
418 2362 492 2443 sint,
517 2362 545 2428 si
567 2362 600 2427 in
617 2360 728 2440 aliqua
750 2378 831 2426 voce
854 2364 913 2424 aut
937 2358 1084 2425 omnibus
1107 2366 1166 2426 aut
1188 2379 1260 2442 per·

59 2466 172 2532 multis
205 2466 284 2532 locis
319 2468 490 2533 homericis
525 2486 661 2548 quorum
691 2483 846 2532 numerus
880 2464 921 2529 de
958 2465 1152 2546 corruptelis
1182 2484 1260 2531 casn

58 2571 142 2636 ortis
172 2572 310 2654 cogitari
341 2578 434 2640 vetat
464 2574 592 2656 syllaba
622 2572 809 2654 corripitur,
847 2572 923 2638 inde
954 2572 1107 2637 continuo
1141 2570 1261 2636 efficias

58 2675 152 2740 initio
176 2676 324 2757 syllabae
346 2676 549 2757 insequentis
565 2677 693 2743 omuino
717 2697 881 2759 nunquam
898 2676 1062 2759 digamma
1078 2675 1226 2740 extitisse
1236 2675 1260 2759 ¹)

59 2786 119 2845 ant
141 2780 319 2846 Homerum
343 2780 391 2845 nti
422 2780 568 2861 potuisse
591 2782 699 2848 altera
721 2782 866 2848 eiusdem
898 2781 987 2849 vocis
1016 2780 1121 2873 forma
1144 2784 1261 2861 postea

59 2905 81 2950 a
118 2885 355 2951 consuetudine
388 2885 575 2952 intermissa
612 2888 751 2969 ideoque
785 2889 827 2954 ab
860 2887 900 2953 iis
935 2886 989 2967 qui
1023 2884 1168 2951 carmina
1201 2903 1261 2965 per

59 3009 177 3054 manns
207 2989 385 3055 tradebant
407 2995 552 3071 extrusa,
583 2990 705 3072 inqua
736 2991 899 3074 digammo
922 3009 987 3056 non
1010 3008 1170 3068 consona,
1202 2989 1260 3052 sed

59 3093 185 3160 vocalis
216 3095 358 3159 anteiret
387 3094 498 3175 itaque
531 3096 684 3176 positioni
714 3101 774 3161 aut
802 3094 1008 3177 productioni
1037 3091 1260 3176 suppletoriae

59 3218 125 3264 non
149 3199 239 3264 locus
263 3205 360 3266 esset.

149 3303 235 3368 Hinc
258 3324 342 3384 quae
365 3309 584 3370 consecuntur
605 3304 752 3371 breviter
775 3304 1004 3370 adumbrcmus
1028 3307 1167 3384 oportet.

153 3411 180 3470 1.
216 3408 307 3473 Falsi
341 3416 419 3474 sunt
452 3409 507 3489 qui
541 3407 646 3475 dativi
680 3407 762 3488 plur.
797 3405 1061 3472 terminationem
1096 3405 1181 3490 σι’)
1219 3425 1260 3472 ex

59 3532 133 3593 -afr
163 3511 368 3592 repetierunt
397 3513 489 3581 velut
510 3512 654 3578 Mahlow
676 3510 768 3576 Ano
793 3514 845 3577 99.
891 3511 974 3577 Nam
999 3513 1109 3596 φρασί
1126 3509 1259 3594 γούνασι

59 3615 199 3700 ἀνδράσι
230 3619 326 3703 σφίσι
358 3618 487 3700 δώμασι
517 3616 661 3703 κτήμασι
697 3614 823 3698 ὄμμασι
859 3616 967 3701 ἔγκασι
1000 3614 1122 3696 κύμασι
1160 3642 1261 3699 προσ-

58 3723 169 3786 ώπασι
199 3720 298 3785 οὔασι
330 3721 432 3807 ἧμασι
464 3721 588 3805 ἅρμασι
620 3721 772 3799 ἐπάλξεσι
797 3718 903 3797 ὀξέσιν
931 3719 1104 3802 dalvultum
1136 3721 1262 3784 ιιλιιόσι

59 3826 203 3909 α’σιράσι
228 3824 319 3902 ἄξοσι
345 3826 451 3908 λιμέσι
483 3828 652 3910 κρει’σσοσι
683 3827 818 3907 δαίμοσι
850 3825 981 3907 ποιμέσι
1006 3824 1142 3905 δάκρῦσι
1167 3827 1266 3908 doio!

61 3933 143 3997 οὖσί
162 3925 277 4015 tygrim
300 3925 421 4016 ὄφρῦσι
450 3932 542 3996 abab
572 3930 704 3995 πολέσιν
726 3929 816 3995 υἱάσι
838 3929 870 3994 in
894 3928 965 3995 sola
988 3928 1093 3994 [liade
1117 3929 1262 4012 syllabas

58 4032 281 4116 paenultimas
303 4034 442 4115 amplius
460 4034 777 4124 200iescor1ipiunt.
808 4037 942 4101 πολέσσι
964 4035 1066 4118 igitur
1088 4040 1123 4100 et
1144 4034 1262 4101 similia

58 4176 271 4185 “mo-

132 4245 155 4307 ¹)
175 4240 220 4293 Sic
237 4247 328 4311 θέναρ
349 4246 430 4310 τέρας
449 4256 505 4294 non
524 4255 558 4294 ex
578 4242 696 4314 ’θίν’[αρ
717 4243 826 4316 *repsere
845 4251 912 4298 nata
930 4258 990 4298 esse
1009 4251 1036 4297 et
1050 4243 1170 4311 plurima
1189 4243 1262 4298 salsa

57 4345 156 4383 eornm
182 4342 253 4396 quac
277 4327 345 4379 rick
369 4326 453 4383 aba,
476 4332 538 4380 1881
566 4343 593 4395 p.
615 4336 680 4383 1111
698 4332 870 4387 coniectatur
893 4332 927 4386 dc
951 4337 1051 4401 ιμολεῖν
1070 4331 1117 4387 all.
1140 4329 1261 4384 ostendit

57 4416 173 4470 Homeri
193 4430 258 4469 usus
277 4415 323 4484 qui
342 4414 462 4485 syllabas
480 4415 602 4471 initiales
621 4425 781 4474 constanter
799 4420 920 4487 corripit.

132 4509 152 4571 ².)
171 4503 205 4558 V.
225 4517 296 4555 nune
314 4500 495 4572 Tlrurneyscn
516 4503 571 4560 KZ.
593 4504 699 4559 XXVll
721 4512 778 4564 111.

1062 4594 1106 4657 9*
