2940 5026
540 113 581 122 -
631 74 690 141 153
726 29 777 120 '-

54 268 204 337 admissa
228 286 356 349 quaea
385 271 477 332 muta
505 285 576 333 cum
606 265 732 347 liquida
761 264 883 347 incipit.
930 265 1134 350 Quamquam
1163 264 1260 330 nimis

53 377 219 443 incertam
243 379 278 439 et
306 372 463 438 lubricam
488 390 561 438 esse
590 373 675 437 hanc
698 370 1014 454 argumentationem
1041 389 1106 435 non
1133 368 1258 452 ignoro.

147 480 187 545 In
226 479 277 544 his
312 495 395 559 quac
434 476 585 561 congessi
619 476 660 542 de
697 475 912 556 productione
950 473 1085 542 vocibus
1120 472 1260 561 ἠγάθεος

54 583 208 673 ἤκεμόεις
231 581 327 649 Simili
349 581 488 665 cogitari
510 585 605 648 vetat
631 579 755 649 vocalis
779 606 807 644 ac
828 579 863 644 in
886 580 1062 665 Εἰλαρίδης
1085 580 1261 665 Εἰλατίδης

54 690 151 757 cuius
185 689 256 755 loco
293 693 541 771 expectaremus
578 687 650 775 q31)
688 705 764 752 nam
797 686 859 751 hoc
891 704 996 769 genus
1029 684 1260 768 productiones

55 795 104 880 (in
130 792 286 881 ἠγάθεος)
310 797 408 859 natas
432 810 505 858 esse
534 791 600 856 iam
623 790 753 873 inipso
781 790 895 874 lingua
916 789 1183 873 indogermanica
1205 790 1260 857 ubi

57 917 163 965 enon
186 898 221 964 in
245 926 282 978 α,
311 897 426 988 sedin
451 927 469 984 η
492 894 627 979 produci
650 895 780 962 solitum
805 907 877 962 esse
900 900 1032 962 constat
1054 914 1155 978 supra
1177 895 1258 963 ridi·

55 1024 141 1071 mus.
187 1003 273 1070 Sunt
294 1002 396 1087 igitur
419 1003 582 1069 Δαναίδαι
606 1003 796 1088 Πριαμίδης
826 1006 903 1069 cett.
928 1001 1173 1084 productionem
1203 1020 1257 1068 ex-

57 1115 157 1192 perta
180 1127 260 1176 vere
283 1107 461 1174 metricam.

148 1213 371 1280 Ohoerobosco
395 1216 529 1279 auctore
552 1213 607 1294 qui
622 1217 762 1294 utraque
785 1211 968 1296 composuit
982 1211 1125 1296 adiungo
1148 1217 1259 1295 patro·

62 1317 197 1403 nymicis
218 1321 383 1382 terrarum
406 1315 538 1381 nomina
560 1324 645 1397 quae
666 1316 730 1383 huc
751 1314 877 1382 faciunt
899 1335 972 1382 cum
995 1315 1153 1400 cognatis.

150 1422 179 1487 A
214 1420 345 1487 nomine
376 1419 525 1505 Ἀράβων
562 1420 733 1487 descendit
762 1421 906 1506 Ἆραβιά
946 1420 1038 1489 cuius
1076 1451 1096 1486 α
1133 1419 1259 1487 initiale

59 1525 245 1610 Aeschylus
276 1523 410 1606 corripit
432 1524 598 1590 Prometh.
621 1526 685 1590 422
717 1544 758 1591 ex
780 1544 842 1591 usu
872 1524 962 1608 volgi
991 1525 1123 1607 dequo
1152 1525 1260 1593 edocti

57 1651 173 1698 sumus
195 1629 380 1697 testimonio
403 1629 563 1696 Demetrii
586 1631 660 1714 περὶ
683 1628 853 1715 ἑρμηνείας
869 1629 1027 1716 (Spengel
1048 1632 1132 1697 rhet.
1149 1650 1257 1715 graec.

56 1737 113 1804 ῙΠ
130 1738 195 1803 270
211 1738 254 1801 30
269 1733 369 1820 sqq.):
395 1734 535 1813 παίωνος
552 1735 585 1801 δὲ
609 1735 678 1822 εἴδη
696 1735 762 1817 δύο,
788 1734 899 1819 τὸμὲν
915 1734 1191 1822 προκαταρκτικὸν
1207 1774 1258 1819 -,

58 1841 96 1909 τὸ
123 1845 159 1908 δὲ
189 1838 440 1928 καταληκτικτόν
473 1833 509 1906 οὗ
539 1853 626 1926 τρεῖς
654 1843 714 1925 μὲν
742 1847 897 1928 βραχεῖαι
924 1841 1081 1926 ἄρχουσι,
1113 1839 1200 1927 λήγει
1226 1841 1260 1905 δὲ

55 1951 120 2032 μία
155 1946 266 2033 μακρὰ
300 1944 411 2034 ὥσπερ
445 1945 592 2032 Ἀραβία.
644 1947 711 2012 Pro
746 1965 784 2012 co
819 1946 906 2027 quod
938 1943 1013 2012 libri
1046 1941 1260 2023 manuscripti

56 2053 235 2139 porrigunt
264 2051 426 2139 Ἀρραβαά
457 2051 635 2139 (Theocrit.
666 2052 767 2120 XVII
791 2052 847 2138 86)
881 2051 1003 2118 rectius
1026 2048 1124 2116 scribi
1153 2041 1260 2115 vocali

56 2156 382 2244 producta²Apalllo
405 2158 502 2224 fidem
524 2157 651 2223 faciunt
672 2157 791 2224 Kaibel
813 2176 861 2223 nr.
885 2157 960 2239 434,
985 2157 1005 2220 2
1032 2149 1258 2241 (parampn-

56 2262 147 2350 βίης)
171 2264 246 2345 569,
271 2264 289 2327 7
314 2260 400 2348 (κατ’
410 2257 618 2346 ΔΑραβίονς).

148 2384 250 2451 Italia
265 2403 362 2465 quam
378 2383 520 2450 traxisse
535 2383 647 2450 ferunt
662 2380 725 2448 ἀπὸ
743 2387 800 2448 τοῦ
816 2381 1092 2459 δυναστεύσαντος
1101 2378 1259 2466 Ἴτὰλουῖ)

58 2488 203 2573 τοῦνομα
239 2487 309 2574 (Ps.
340 2488 469 2572 Scymn.
500 2487 579 2574 302)
614 2492 704 2555 recte
729 2488 855 2568 Ἰταλία
889 2491 1027 2556 vocatur
1062 2485 1152 2572 (ibid.
1185 2487 1258 2552 278.

58 2594 139 2681 361)
171 2613 269 2676 quam
298 2612 484 2660 mensuram
515 2593 612 2660 etiam
641 2593 729 2677 apud
758 2593 924 2661 Romanos
954 2591 1134 2659 obtinuisse
1163 2589 1259 2657 testis

58 2706 112 2767 est
134 2697 279 2765 Lucilius
309 2697 427 2764 XXIX
449 2698 470 2764 5
499 2697 554 2779 qui
578 2696 680 2775 [tolio
702 2697 793 2783 ,dixit
821 2697 855 2764 in
886 2696 1033 2764 clausula
1062 2713 1148 2763 vers.
1172 2693 1258 2760 irim.

57 2802 313 2871 Productiouem
336 2822 434 2884 quam
456 2807 575 2886 poetae
598 2807 633 2869 et
655 2801 774 2869 Graeci
797 2808 832 2869 et
853 2801 964 2868 Latini
986 2801 1020 2868 in
1046 2802 1108 2866 hoc
1130 2799 1259 2867 nomine

58 2906 241 2974 admittunt
263 2907 304 2972 ab
327 2925 389 2973 usu
412 2912 447 2972 et
469 2906 703 2972 consuetudine
726 2905 815 2973 vitae
838 2905 1015 2971 abhorrere
1042 2903 1195 2972 discimus
1219 2923 1260 2970 cx

59 3010 261 3096 Quintiliano
291 3011 362 3093 15,
389 3014 446 3077 18:
483 3011 674 3077 ‘Praeterea
704 3030 788 3091 quae
817 3011 900 3076 fiunt
930 3009 1055 3092 spatio,
1086 3009 1157 3076 sive
1187 3028 1259 3075 cum

58 3118 190 3203 syllaba
213 3122 365 3199 correpta
387 3116 593 3199 producitur,
626 3119 663 3179 ut
684 3113 819 3178 Italiam
844 3114 914 3197 fcto
936 3113 1098 3200 prosapta
1120 3113 1258 3199 (Vergil.

57 3223 143 3288 Aen.
167 3221 185 3287 Ι
208 3220 254 3307 2),
278 3238 337 3286 seu
359 3221 459 3304 longa
482 3218 665 3303 comipitua
690 3223 728 3285 ut
754 3217 862 3285 Unius
883 3217 920 3284 ob
944 3239 1065 3285 αοαακα
1087 3223 1118 3284 et
1139 3217 1259 3301 flumas,

58 3330 157 3393 extra
194 3343 326 3391 carmen
360 3343 426 3392 non
460 3323 704 3408 deprehendas;
744 3324 803 3391 sed
836 3342 898 3392 nec
926 3324 964 3392 in
999 3322 1143 3391 carmine
1177 3323 1260 3393 vitia

58 3428 212 3496 ducenda
234 3428 332 3495 sunt’

133 3679 153 3739 ¹)
171 3671 307 3728 Fabulam
338 3671 372 3726 de
403 3671 541 3728 erroribus
571 3672 628 3726 τῶν
654 3677 926 3745 μεταγραψαμέκωκ
952 3671 1051 3725 merito
1079 3670 1199 3738 explosit
1224 3671 1259 3727 de

58 3762 255 3818 Wilamouitz.
291 3763 384 3830 Digna
402 3768 467 3815 sunt
485 3775 556 3829 quae
574 3759 754 3816 conferantur
778 3759 921 3827 disputata
944 3775 1051 3828 quoque
1070 3759 1104 3815 de
1122 3760 1176 3814 hac
1193 3775 1223 3814 re
1242 3777 1259 3815 a

57 3851 187 3907 Harlelio
205 3851 239 3904 Η.
259 3849 336 3904 Stud.
355 3851 369 3904 1
387 3856 478 3918 4811.
498 3856 527 3903 et
545 3849 718 3917 Mangoldio
735 3850 811 3907 0111.
831 3847 906 3903 Stud.
927 3848 965 3902 VI
993 3854 1049 3902 111.
1092 3846 1162 3902 Vide
1186 3863 1260 3904 nunc

58 3940 142 3995 etiam
163 3940 196 3992 Α.
215 3937 347 3992 Ludwich
367 3937 536 3991 Aristarch'a
560 3937 640 3991 Hom.
659 3936 819 3990 Textlrritik
844 3935 870 3988 ll
895 3941 947 3990 tao
965 3952 1021 4004 sqq.
1043 3966 1073 3975 -
1095 3937 1173 3989 εἱάιο
1198 3936 1259 4005 (pro

57 4021 138 4093 ἦαιο)
151 4030 230 4080 {xtra
249 4040 304 4078 nou
316 4039 410 4079 errore
428 4022 566 4079 scribendi
578 4023 626 4079 sed
644 4024 827 4078 recentiorum
840 4021 932 4077 madio
950 4028 1059 4078 vetusta
1072 4039 1121 4078 suo
1139 4023 1258 4092 ipsorum

57 4113 128 4169 mori
147 4119 177 4167 et
195 4111 416 4179 pronuntiationi
434 4113 510 4180 (ἓαιο
530 4110 605 4180 (aaa)
623 4108 809 4164 adsimulaudi
827 4117 894 4165 nata
912 4118 991 4178 sunt,
1009 4127 1065 4180 qua
1083 4110 1118 4166 de
1139 4127 1170 4167 re
1189 4111 1259 4167 alias

56 4219 141 4272 agam
161 4199 280 4255 uberius

131 4289 153 4356 ²)
172 4285 213 4340 cl.
230 4283 337 4352 Ἰταλόν
363 4283 523 4340 callimach.
552 4281 633 4350 frgm.
653 4288 711 4341 ull.
741 4282 844 4344 Ἰταλός
867 4283 923 4338 ΑΡ.
946 4284 998 4339 vn
1023 4290 1130 4352 111,1.
1170 4295 1259 4356 pentec

56 4361 284 4443 ltalem'Vergll.
302 4378 371 4429 Aen.
392 4373 429 4427 Vl
449 4379 490 4427 92.
518 4371 650 4447 'Apelleo
661 4373 779 4448 Ἀραβία
798 4399 831 4417 ·-··
842 4374 1082 4430 ‘lralols’lmlta
