2956 5018
692 206 840 269 -394
887 241 927 251 -

295 389 385 458 κλῦτε
414 411 486 458 eum
517 392 560 457 sit
589 392 767 472 mulierum,
799 391 945 458 Thetidis
970 397 999 457 Σ
1019 395 1062 458 52
1085 394 1273 476 Penelopae
1298 400 1318 458 6
1342 398 1403 461 722

210 495 393 562 Nausicaae
425 499 441 573 ζ
464 496 527 560 239
550 495 698 560 Helenae
723 521 738 559 o
764 496 843 575 172,
873 501 942 560 tum
969 496 1075 562 looum
1097 497 1198 563 habet
1219 497 1253 562 in
1278 506 1405 565 secreto

210 599 389 681 plincipum
424 599 556 664 oonsilio
591 599 677 679 qnod
711 598 893 664 contionem
927 599 1106 664 antecedit
1123 604 1154 664 B
1182 602 1226 666 56
1245 607 1293 667 ‘et
1321 603 1408 668 inter

210 703 403 769 insidiantes
427 705 523 780 3495
546 702 601 783 qui
628 703 736 768 solent
758 703 961 789 φθέγγεσθαι
986 701 1074 793 ὀλίγῃ
1098 702 1154 769 ὀπὶ
1174 705 1220 791 μή
1239 733 1289 783 τις
1313 707 1407 786 ἄλλος

211 805 330 895 οἰκούσῃ
364 813 379 882 ξ
409 806 473 870 492
505 823 552 885 sq.
603 796 726 870 Contra
755 806 882 870 κέκλυτε
916 805 996 871 viris
1029 807 1195 888 convenit,
1231 810 1287 889 qui
1321 811 1408 878 inter

210 911 329 975 multos
360 908 429 975 sive
459 925 538 974 vere
561 906 839 973 contionabundos
870 907 940 974 sive
962 909 1122 975 pontionis
1150 916 1240 978 cente
1263 915 1407 994 speeiem

210 1013 373 1095 quandam
396 1012 578 1078 referentes
601 1030 681 1078 vooe
704 1011 795 1077 clara
813 1014 916 1079 verba
937 1011 1057 1078 iaeturi
1078 1019 1221 1080 mentem
1242 1035 1408 1100 auresque

210 1118 243 1183 in
267 1136 303 1183 se
318 1122 511 1184 convertere
534 1116 676 1196 student
700 1123 735 1181 et
749 1117 836 1210 quod
857 1116 908 1182 his
923 1116 1007 1183 idem
1032 1117 1132 1183 etiam
1154 1119 1250 1184 deum
1270 1122 1407 1205 reginae

209 1221 292 1286 iram
326 1218 537 1301 profundenti
569 1219 685 1284 lubens
708 1220 867 1285 concedes
886 1220 927 1284 h.
951 1220 982 1284 h.
1006 1221 1068 1302 Ap.
1092 1224 1170 1302 311,
1201 1242 1277 1289 oum
1309 1224 1405 1310 ἀγρο-

210 1325 338 1405 μένοισι
359 1322 431 1406 μετ’
455 1321 669 1388 ἀθανάτοισιν
692 1322 805 1401 ἔειπεν,
828 1322 862 1388 in
883 1323 969 1389 hunc
991 1324 1120 1390 modum
1144 1343 1284 1394 exorsae

431 1437 545 1488 κέκλυτέ
562 1453 629 1502 μευ,
648 1434 755 1493 πάντες
775 1452 802 1488 τε
822 1440 885 1488 θεοὶ
906 1436 999 1488 πᾶσαί
1017 1453 1045 1488 τε
1065 1441 1181 1489 θέαιναι

209 1551 271 1597 nee
306 1531 412 1596 minus
445 1530 633 1612 Penelopae
672 1557 695 1615 φ
730 1533 770 1595 67
810 1536 848 1596 ut
885 1531 928 1596 ad
962 1535 1129 1596 oertamen
1166 1530 1407 1598 instituendum

209 1633 370 1700 excitaret
391 1651 562 1715 procorum
585 1636 712 1698 coetum
734 1631 784 1698 his
807 1633 916 1699 verbis
939 1634 1147 1715 compellanti

504 1748 617 1799 κέκλυτέ
635 1763 701 1812 μευ,
719 1746 876 1818 μνηστῆρες
895 1747 1035 1816 α’γήνορες
1054 1749 1109 1798 κτλ.

295 1843 367 1926 Quo
379 1842 500 1908 oertins
513 1841 556 1908 sit
570 1841 732 1923 iudicium,
746 1841 840 1924 legas
854 1841 943 1924 ipsos
955 1841 1053 1908 loeos.
1075 1844 1182 1908 Γ304.
1198 1848 1238 1907 Η
1247 1843 1301 1908 67.
1316 1840 1405 1930 [368]

464 1956 578 2008 κέκλυτέ
597 1972 652 2019 μευ
673 1953 763 2021 Τρῶες
782 1958 829 2006 καὶ
849 1954 1015 2021 ἐυκνήμιδες
1034 1956 1147 2024 Ἀχαιοί.

210 2046 241 2107 Γ
257 2043 332 2109 456.
355 2046 394 2107 Η
413 2043 488 2108 348.
515 2042 628 2109 9497

420 2148 533 2200 κέκλυτέ
550 2163 606 2215 μευ
627 2145 718 2213 Τρῶες
737 2151 784 2197 καὶ
804 2145 951 2216 Δάρδανοι
969 2144 1013 2210 q'd’
1033 2148 1187 2210 ἐπίκουροι.

211 2246 241 2310 Θ
263 2244 293 2310 5.
323 2249 351 2308 Τ
371 2245 442 2309 101.
466 2243 496 2307 h.
520 2242 551 2307 h.
576 2242 682 2324 Apoll.
706 2244 765 2308 311
793 2240 858 2306 iem
880 2239 1038 2308 novimus.
1073 2242 1184 2307 P220

433 2348 545 2399 κέκλυτε
563 2352 653 2415 μυρίοι
671 2343 747 2414 φῦλα
765 2345 952 2417 περικτιόνων
971 2343 1138 2418 ἐπικούρων.

208 2435 302 2515 ens.
329 2435 400 2499 161.
425 2434 498 2497 229.
526 2459 551 2496 ω
573 2433 639 2498 454
662 2430 702 2515 (ω
724 2430 804 2514 443)

433 2546 545 2597 κέκλυτε
565 2541 596 2608 de}
617 2543 670 2596 νῦν
688 2561 753 2612 μευ,
774 2543 934 2607 Ἰθακήσιοι,
954 2536 1012 2595 ὅττι
1031 2560 1061 2595 κε
1075 2549 1175 2612 μίπιο.

209 2670 228 2727 η
255 2643 325 2706 1se.
351 2641 447 2705 ees.
470 2641 523 2705 οι,
547 2641 620 2705 een
645 2640 709 2704 see

478 2746 592 2797 κέκλυτε
610 2747 732 2807 Φαίηκες
750 2743 883 2816 ἡγήτορες
903 2742 951 2808 ddi
970 2742 1117 2811 μέδοντες.

209 2871 227 2926 ρ
250 2843 323 2908 370.
347 2841 421 2904 463.
447 2865 467 2903 σ
489 2838 541 2903 43.
565 2840 640 2904 351.
664 2866 683 2902 υ
706 2839 779 2904 292.
804 2865 828 2924 φ
851 2840 903 2903 67.
927 2838 991 2903 275

582 2952 695 3003 κέκλυτέ
713 2968 768 3018 μευ
787 2949 943 3020 μνηστῆρες
962 2953 1018 3002 κτλ.

207 3045 337 3135 κ[139]
361 3046 415 3132 (of.
440 3051 506 3112 not.
531 3045 602 3110 erit.
627 3046 669 3110 ad
691 3073 716 3127 μ
741 3044 828 3130 153).
851 3073 875 3126 μ
899 3046 971 3110 271.
996 3048 1061 3111 340

166 3173 170 3179 ·
410 3161 522 3212 κέκλυτέ
540 3176 595 3227 μευ
613 3159 719 3226 μύθων
738 3158 810 3210 κακά
831 3176 884 3230 περ
904 3159 1063 3226 πάσχοντες
1082 3158 1195 3231 ἑταῖροι.

208 3255 224 3325 ξ
246 3249 320 3313 462.
347 3274 363 3311 ο
386 3248 447 3312 307

432 3351 549 3402 κέκλυθι
572 3350 624 3401 νίν
644 3349 758 3416 Ἐὔμαιε
778 3353 824 3399 καὶ
844 3349 924 3400 ἄλλοι
944 3348 1049 3406 πάντες
1068 3348 1174 3419 ἑταῖροι

206 3444 262 3526 qui
284 3452 380 3511 erent
402 3449 557 3526 quattuor
581 3446 678 3520 '5434
693 3462 761 3523 sqq.
796 3442 864 3508 Neo
886 3441 1045 3508 recedunt
1066 3442 1107 3506 ab
1129 3441 1264 3508 Homeri
1288 3463 1404 3512 norma

206 3548 370 3614 Hesiodus
394 3548 558 3630 Theogon.
583 3549 647 3612 644

415 3654 528 3705 κέκλυτέ
545 3669 600 3720 μευ
622 3655 701 3716 Γαίης
722 3656 816 3705 τεκαὶ
836 3650 968 3720 Οὐρανοῦ
988 3648 1081 3718 α’γλαὰ
1103 3654 1185 3704 τέκνα

206 3745 265 3806 aut
286 3739 448 3805 Pindarus
471 3739 508 3802 P.
533 3738 580 3802 IV
606 3740 646 3803 13

415 3843 528 3895 κέκλυτε
548 3840 648 3899 παῖδες
668 3842 844 3910 ὑπερθύμων
863 3858 890 3893 ιε
909 3840 1012 3909 φωτῶν
1031 3845 1077 3892 καὶ
1098 3840 1182 3893 θεῶν.

206 3940 266 4005 His
290 3938 437 4005 omnibus
459 3936 539 4001 loeis
555 3936 624 4001 eius
648 3935 703 4016 qui
725 3936 828 4001 verba
849 3934 929 4000 feeit
952 3934 1085 4000 oonsilio
1108 3954 1173 4000 non
1195 3936 1274 4001 novi
1298 3939 1402 4022 magis

207 4043 453 4111 convenientem
469 4041 632 4106 notionem
648 4060 744 4122 quem
768 4060 852 4120 quae
867 4039 954 4105 inest
976 4039 1160 4106 vernaculis
1182 4040 1402 4109 locutionibus

208 4147 304 4212 ‘Hdrt
332 4147 418 4211 her!’
454 4166 478 4211 s.
512 4146 607 4211 ‘Hert
636 4146 694 4210 her
725 4144 785 4210 ani
809 4143 893 4209 mich
923 4142 999 4228 (ani
1024 4144 1129 4210 meine
1159 4145 1323 4230 Worte)l'
1355 4146 1401 4212 Gi.

207 4250 263 4314 Ar.
287 4251 369 4315 Nub.
393 4252 457 4316 575

414 4351 436 4405 ol
456 4354 616 4422 σοφώτατοι
634 4357 746 4415 θεαταὶ,
767 4351 852 4425 δεῦρο
873 4352 922 4406 τὸν
940 4353 1010 4406 νοῦν
1030 4353 1176 4423 πρόσχετε.

206 4440 323 4525 Eupo.
348 4441 388 4504 οι
413 4440 430 4507 1
453 4440 565 4506 sees.
