2964 5018
687 229 922 296 -494-

452 420 513 472 ἔνθ’
532 421 584 482 ὄις,
605 418 665 472 ἔνθ’
685 420 763 489 αἶγες
784 419 979 488 declamandum,
1000 422 1071 472 iuda
1088 423 1219 488 μέλισσαι

452 508 560 574 caprea
579 507 743 578 πληροῦσιν,
763 513 809 559 καὶ
830 507 912 579 δρύες
933 507 1073 577 ὀψίτεραι.

211 594 492 678 Quamquamnon
517 593 644 659 omnino
661 594 780 659 desunt
798 595 914 674 quibus
933 593 1013 659 talia
1032 592 1114 658 satis
1134 576 1212 674 apte
1234 592 1369 672 tuearis,
1378 593 1402 678 ¹)

210 704 353 764 attamen
370 698 457 762 haud
481 697 545 762 scio
562 717 604 762 an
626 697 799 779 interpreti
814 718 947 780 prorsus
963 697 1059 763 aliam
1075 697 1302 780 explicationis
1318 697 1400 765 viam

208 804 359 870 insistere
388 803 486 868 liceat
515 822 579 882 qua
613 803 761 885 syntaxis
792 803 930 869 audacia
960 801 1003 888 (si
1032 809 1144 869 tamen
1175 810 1227 868 est
1250 803 1402 886 audacia)

209 908 352 972 tollatur.
387 905 511 987 Stirpes
535 924 618 985 quae
641 906 763 972 cadunt
784 907 817 972 in
841 936 893 971 -v-
917 905 1005 973 etin
1030 939 1076 971 -ι-
1099 907 1187 974 hand
1208 926 1284 972 raro
1309 926 1402 972 accu-

210 1011 307 1078 sativi
330 1011 464 1093 pluralis
487 1010 608 1075 formas
630 1010 663 1076 in
685 1012 877 1079 nominativi
899 1012 964 1079 vim
987 1015 1085 1091 atque
1113 1015 1314 1092 potestatem
1337 1017 1402 1074 tra-

210 1118 340 1197 ducunt,
354 1123 390 1181 11
402 1136 467 1181 una
479 1116 656 1196 eademque
668 1115 773 1182 forma
785 1116 904 1198 duplici
917 1121 951 1181 et
966 1114 1145 1181 accusativi
1160 1120 1196 1179 et
1210 1115 1401 1181 nominativi

209 1219 338 1286 fruatur
370 1219 511 1285 notione.
565 1219 611 1284 Of.
644 1225 720 1298 ναῦς
754 1220 852 1305 (nom.
884 1240 934 1286 ex.
969 1240 1018 1303 gr.
1050 1220 1164 1302 Polyb.
1196 1220 1225 1285 V
1261 1222 1318 1302 35,
1354 1224 1401 1285 11.

209 1325 337 1390 Lobecl(
360 1326 481 1408 Phlyn.
508 1325 584 1410 170)
609 1336 677 1409 τρῖς
700 1325 798 1410 (110111.
821 1327 888 1391 tab.
912 1326 1047 1411 heracl.)
1070 1332 1133 1408 μῦς
1160 1329 1256 1410 ἰχθῦς
1286 1327 1402 1411 βότρυς

210 1429 307 1514 (nom.
332 1430 420 1511 apud
443 1430 579 1495 comicos
603 1430 720 1495 atticos
741 1451 771 1497 v.
789 1431 953 1514 Bamberg
975 1432 1055 1497 ZlG.
1080 1434 1131 1513 28,
1156 1435 1195 1497 21
1221 1431 1399 1496 Herodian.

208 1534 306 1599 schol.
331 1536 360 1599 Α
376 1537 407 1599 Ω
433 1538 487 1598 l=
502 1535 536 1599 ΙΙ
555 1535 662 1600 mlh.
687 1535 803 1619 βότρῠς
818 1555 865 1618 sg.
890 1537 1006 1618 βότρῡς
1022 1537 1104 1618 plur.
1121 1537 1219 1603 schol.
1237 1537 1268 1600 A
1283 1542 1315 1600 B
1333 1536 1400 1621 41).

210 1639 241 1703 αὶ
261 1638 356 1719 ἄρκυς
372 1641 471 1705 habet
485 1640 568 1704 Xen.
586 1641 708 1723 Cyneg.
724 1639 854 1721 passim,
873 1643 967 1726 ἰχθῦς
982 1641 1177 1706 Aristoteles
1201 1639 1248 1724 (v.
1262 1639 1401 1705 Bonitzii

208 1744 273 1808 ind.
297 1762 323 1808 s.
348 1745 411 1829 1.),
440 1744 556 1826 βότρυς
586 1764 669 1810 nom.
694 1745 776 1826 plur.
801 1746 899 1810 Babr.
928 1745 993 1811 fab.
1024 1748 1068 1826 19,
1095 1749 1110 1810 l
1141 1751 1202 1810 etc.
1242 1747 1339 1828 ἰχθῦς
1368 1750 1401 1808 11

208 1848 398 1915 nominativi
428 1856 461 1913 et
490 1849 670 1917 accusativi
698 1851 802 1915 locum
833 1850 959 1915 obtinet
988 1851 1076 1932 apud
1106 1850 1339 1932 Empedoclem
1368 1850 1400 1914 in

208 1972 306 2021 versu
319 1972 389 2018 11111
405 1953 523 2035 pusilla
538 1953 716 2019 mutatione
733 1955 781 2019 bis
798 1961 986 2021 occurrente
999 1956 1087 2041 (106.
1105 1958 1164 2022 125
1181 1955 1258 2021 edit.
1272 1953 1398 2039 81111).

208 2056 281 2121 Η11
303 2056 436 2138 formae,
460 2057 501 2122 de
524 2057 639 2137 quibus
662 2057 701 2122 cf.
726 2059 824 2124 etiam
848 2059 887 2124 G.
905 2059 1038 2143 Meyer²
1061 2059 1160 2146 §354
1176 2079 1246 2140 sqq.
1270 2079 1302 2141 p.
1327 2062 1399 2141 343,

208 2167 306 2226 natae
330 2167 406 2227 sunt
422 2181 446 2226 e
470 2162 630 2243 primariis
654 2161 763 2244 *τρῖνς
786 2162 920 2249 *ipsivs
942 2166 1097 2249 *βότρῠνς
1119 2165 1287 2251 *ἄρκῠνςῆ
1317 2184 1399 2246 quae

207 2265 239 2330 in
263 2265 383 2330 Dorica
413 2265 550 2331 dialecto
575 2266 664 2331 abire
688 2273 864 2348 potuerunt
893 2288 964 2333 cum
994 2270 1026 2335 in
1058 2283 1126 2355 τρῖς
1157 2273 1253 2355 ἰχθῦς
1281 2271 1400 2356 disper

208 2370 305 2455 ὄρκῦς
328 2376 395 2435 ium
417 2371 450 2435 ill
482 2368 555 2454 τρῖς
577 2369 673 2455 ι’χθῦς
701 2371 819 2456 βότρῦς
842 2372 939 2454 ἄρκῦς
960 2376 1066 2441 nasali
1093 2376 1162 2441 sine
1185 2376 1399 2459 productione

207 2474 409 2557 suppletoria
431 2494 584 2557 excussa,
615 2476 650 2540 id
679 2477 764 2557 quod
794 2477 984 2559 saepissime
1005 2478 1128 2545 iactum
1158 2498 1230 2545 esse
1254 2488 1401 2547 natumst

208 2580 261 2667 (cf.
286 2581 353 2645 dor.
386 2598 491 2645 accus.
519 2581 602 2662 plur.
632 2580 666 2646 in
697 2608 758 2659 -ος,
794 2582 874 2667 dg).
920 2583 959 2648 ln
993 2585 1054 2649 hac
1079 2603 1187 2650 rerum
1210 2586 1399 2653 condicione

206 2686 285 2752 nihil
317 2684 453 2766 impedit
486 2685 654 2765 quominus
688 2686 785 2751 etiam
821 2688 908 2768 apud
943 2688 1173 2755 Callimachum
1207 2688 1332 2777 (πίτὶις)
1366 2696 1400 2756 11

207 2790 413 2856 Theocritum
430 2790 478 2875 (ὅῐ
485 2792 513 2877 ς)
530 2790 674 2857 doricum
696 2792 918 2860 accusativum
934 2795 1100 2875 pluralis
1123 2813 1181 2876 pro
1197 2796 1398 2863 nominativo

207 2895 385 2962 adhibitum
409 2915 632 2978 agnoscamus.
668 2897 836 2977 Correptio
859 2899 992 2965 ultimae
1015 2901 1161 2982 syllabae
1184 2908 1400 2981 componatur

207 3020 278 3066 curn
309 2999 417 3081 ἅρκιός
448 2995 524 3086 ἆραι
556 3001 694 3088 (Gallim.
717 3003 747 3067 h.
780 3006 823 3081 εἰς
852 3004 938 3090 App.
970 3005 1044 3090 35);
1075 3005 1268 3071 Theocritus
1298 3024 1399 3087 saepe

206 3105 410 3172 accusativos
434 3106 577 3187 corripit.

702 3211 749 3277 VI
771 3231 802 3292 p.
828 3214 899 3278 135.

293 3330 423 3397 Osthoff
440 3331 474 3397 in
504 3333 629 3415 {iv-fexa
661 3331 716 3418 (ex
746 3333 941 3418 'Sp-fexa)³)
971 3333 1245 3413 praepositionem
1278 3335 1399 3424 *sem⁴)

206 3434 396 3502 delitescere
426 3435 610 3517 suspicatus
640 3441 708 3519 est,
739 3436 830 3502 cuius
863 3436 999 3501 formam
1034 3437 1235 3504 debilitatam
1268 3440 1336 3528 *ap
1366 3444 1398 3508 in

209 3543 414 3552 *n*—

279 3578 297 3642 ι)
316 3574 357 3630 ef,
377 3572 452 3627 ovid.
472 3579 608 3627 metamur.
626 3571 693 3626 VlIl
712 3578 761 3626 314
781 3589 838 3641 sqq·
851 3650 926 3698 tenet
944 3644 999 3698 ima
1019 3643 1135 3700 lacunae

413 3734 502 3787 Lenta
520 3731 592 3786 salix
610 3732 742 3800 ulvaeque
760 3730 833 3785 leves
852 3731 978 3800 iuncique
997 3732 1135 3799 palustres

411 3821 574 3890 viminaque
592 3824 621 3873 11
639 3820 721 3886 longa
740 3835 840 3886 parvae
859 3819 909 3874 sub
928 3819 1081 3875 harundine
1100 3837 1214 3876 cannae.

204 3912 307 3979 ‘Neque
320 3908 482 3963 Theocritus
501 3912 545 3968 ὄϊς
565 3923 651 3976 neque
665 3907 803 3961 Nicander
822 3911 879 3977 ἔχις
898 3923 957 3961 cum
971 3909 1121 3976 corripiunt
1140 3925 1157 3964 a
1174 3908 1235 3978 lege
1254 3912 1398 3982 recedunt,

204 4015 267 4052 nam
286 4005 350 4051 suut
369 3997 528 4050 nominativi
552 3994 698 4063 singularis
724 3995 838 4050 unmeri’
863 3995 954 4064 Bergk
981 3994 1016 4048 ad
1040 3995 1119 4052 Pind.
1144 3996 1186 4050 01.
1207 3998 1273 4051 128
1298 4001 1347 4068 qui
1371 4002 1399 4054 in

205 4087 256 4140 hac
274 4101 304 4139 re
322 4084 467 4141 subscribit
485 4085 583 4140 iudicio
602 4084 735 4139 Lobeckii
753 4085 840 4139 Elem.
859 4085 872 4137 I
891 4089 949 4138 262.

276 4176 294 4244 ²)
314 4176 388 4234 dote·
409 4175 507 4234 ω’δῐνες
526 4180 635 4228 roserat
647 4174 710 4230 Hes.
728 4173 840 4244 *odibat
850 4194 882 4218 >
893 4173 1031 4233 *ὥδῖνω-
1045 4173 1140 4234 dote?
1158 4173 1215 4228 KZ.
1229 4173 1324 4228 XXIV
1338 4180 1398 4232 322.

274 4262 473 4333 *1111111111
498 4263 553 4317 scio
576 4278 612 4315 an
634 4262 723 4316 lateat
747 4262 774 4315 in
800 4261 929 4330 Hesychii
954 4262 1045 4331 glossa
1062 4269 1177 4316 consuta
1198 4264 1319 4332 οὔφεκα·
1348 4268 1400 4320 ode

205 4351 343 4424 α’ρεστώς,
369 4352 402 4405 ov'
427 4351 557 4420 κούφως,
585 4350 601 4404 i.
620 4364 644 4406 e.
670 4353 704 4403 od
719 4356 788 4419 μκα
812 4347 944 4417 (111111.
968 4357 1111 4424 queuntes,
1138 4350 1252 4419 pamph.
1278 4359 1398 4424 minutal·

204 4441 254 4491 οὐκ
273 4438 396 4509 α’ρεστῶς
415 4444 443 4490 et
463 4440 496 4490 od
514 4438 606 4507 qrrttxst'
626 4437 722 4505 (11.1·
742 4438 777 4489 od
795 4438 915 4505 κούφως.

275 4527 295 4592 ⁴)
315 4524 458 4596 (pqapqg‘l
486 4523 594 4578 Ahrens
612 4523 694 4577 Beitr.
713 4541 736 4576 a.
756 4539 795 4590 gr.
816 4541 840 4577 u.
860 4523 908 4578 lat.
928 4524 1018 4593 Etym.
1038 4529 1080 4582 21.
