2956 5040
659 171 896 240 -238-

177 365 330 449 loquendi
353 364 587 431 consuetudine
603 364 698 430 nimis
721 364 872 445 alienam,
896 363 924 428 si
944 360 1016 444 quis'
1039 364 1080 430 de
1105 364 1232 432 ‘avibus
1255 367 1377 437 uJove
1442 419 1451 436 .

178 470 293 552 missis,
318 468 412 536 Jovis
435 468 526 533 iussu
550 467 746 536 volantibus’
771 467 910 551 cogitet,
942 474 976 533 et
997 469 1118 549 requiri
1148 470 1257 551 potius
1281 491 1376 540 voea-

176 576 301 641 bulum·
324 573 561 656 significatione
602 573 765 639 homerico
803 573 1010 658 ὑπουρανίων
1054 581 1213 661 πετεηνῶν
1253 580 1280 641 Ρ
1313 579 1377 644 615

177 679 355 765 (οὐρανίοις
386 689 552 763 πετεηνοῖς
587 678 872 762 Batrachomyom.
908 682 950 745 26
982 680 1229 765 αἰθεροδρόμων
1259 684 1378 747 οἰωνῶν

177 784 342 866 Aristoph.
367 781 547 865 Av.1393)
571 781 684 847 simile.
718 782 800 847 'Pele
823 782 901 863 quid
923 783 1123 849 lucrabimur
1146 785 1173 850 si
1195 786 1377 852 mutatione

176 888 357 957 leviuscule
381 887 558 963 detinendae
587 886 826 952 restituerimus
857 888 943 967 quod
973 890 1167 956 vocabulum
1191 910 1212 955 a
1234 891 1377 959 locetivo

176 993 314 1059 nominis
337 992 461 1058 *dioee-
486 991 522 1076 (=
544 992 720 1077 eoelum)¹)
743 992 887 1074 incipere
910 994 1119 1060 menifestum
1143 1001 1204 1060 est.

262 1097 370 1163 Aliter
391 1095 600 1162 iudicandum
623 1095 755 1162 videtur
778 1097 819 1162 de
843 1101 1001 1177 διιπετέος
1025 1099 1227 1185 ποιαμοῖο.’)
1262 1100 1377 1181 Neque

176 1202 261 1269 enim
285 1219 340 1268 eos
363 1205 453 1266 reete
475 1199 688 1281 interpretari
711 1200 853 1267 arbitror
882 1204 938 1284 qui
962 1207 1089 1292 διιπιτῆ
1120 1206 1268 1288 ποταμόν
1289 1206 1376 1271 idem

176 1326 249 1374 esse
283 1305 369 1387 quod
400 1308 514 1391 διαυγῆ
550 1303 769 1392 opinentuni)
800 1307 864 1374 illis
896 1309 1092 1392 adstipulari
1121 1328 1186 1376 non
1221 1310 1376 1377 dubitans

176 1411 231 1494 qui
260 1410 355 1479 Jovis
384 1426 500 1475 nomen
531 1408 564 1474 in
598 1409 659 1475 hoo
688 1412 865 1493 composito
896 1414 1003 1480 inesse
1034 1415 1229 1500 statuunt‚⁴)
1261 1421 1299 1481 ut
1332 1414 1376 1479 sit

177 1515 318 1604 διιπετὴς
350 1514 495 1597 ποταμός
524 1513 643 1579 flumen
668 1514 762 1583 Jovis
785 1517 880 1587 iussu
899 1524 933 1583 et
963 1537 1063 1600 opere
1091 1519 1277 1601 decurrere,
1309 1538 1374 1585 non

176 1627 209 1688 ἐκ
233 1621 313 1699 Διὸς
341 1617 509 1696 πεπτωκώς
540 1617 626 1699 qllod
649 1625 738 1685 esset
766 1622 960 1709 διοπετής.5)
1006 1623 1056 1688 De
1088 1622 1176 1690 vocis
1207 1627 1374 1704 potestate

175 1727 252 1794 audi
274 1727 314 1792 E.
339 1726 485 1793 Curtium
509 1724 680 1812 (Beitritge
704 1744 762 1790 zur
782 1725 1019 1811 Terminologie
1044 1727 1108 1792 und
1126 1726 1374 1809 Onomotologie

175 1833 234 1898 der
249 1832 336 1897 alten
354 1830 571 1913 Geogrephie.
595 1827 818 1911 Sitzungsber.
836 1831 924 1896 Berl.
940 1833 1042 1898 Aeed.
1062 1834 1145 1898 1888
1163 1851 1194 1914 p.
1213 1834 1298 1897 1214
1309 1833 1374 1918 sq.)

173 1938 255 2003 haec
278 1936 516 2018 disputantem:
548 1932 625 2019 ‘ldie
648 1933 782 2021 Fltlsse)
813 1935 886 2002 sind
908 1937 942 2002 in
972 1937 1075 2004 ihrem
1099 1937 1374 2005 Wesservorreth

174 2061 249 2110 vom
271 2041 386 2124 Regeu
410 2039 576 2123 obhtngig
599 2039 666 2105 und
696 2040 878 2105 semmuich
911 2043 1062 2118 διιπιτεῑς
1093 2040 1224 2127 (πάντες
1250 2047 1371 2120 κοινῶς,

174 2143 222 2209 ὅτι
258 2147 456 2230 πληροῦνται
492 2142 607 2220 πάντες
631 2142 694 2209 ἀπὸ
719 2150 782 2210 τοῖν
807 2143 974 2228 ὀμβρίμων
1004 2144 1132 2211 ὑδάτων
1161 2144 1280 2213 Strabo
1303 2146 1371 2231 36),

172 2249 231 2316 der
252 2250 430 2334 χείμαρρος
453 2247 587 2314 tiberin
612 2248 851 2331 vorzilgh'ohem
874 2250 986 2317 Gnade
1017 2253 1269 2339 (ὑπερβέβληται
1299 2251 1374 2331 τοὺς

173 2353 288 2432 ἄλλους
310 2352 476 2435 ποταμοὺς
501 2357 544 2440 τῷ
568 2351 711 2439 διιπετὴς
735 2350 814 2420 εἶναι
840 2354 958 2421 Strabo
981 2355 1092 2436 ibid.)'.
1128 2356 1176 2423 Cf.
1196 2365 1372 2439 praetereo

172 2458 285 2540 Eurip.
310 2458 432 2523 Electr.
457 2459 521 2523 734
544 2474 614 2537 sqq.

171 2584 350 2594 ————————-—

170 2634 228 2689 uud
246 2634 351 2687 Verbot
369 2648 402 2685 zu
422 2631 527 2685 richten
547 2630 614 2684 uber
632 2631 701 2686 Hsls
726 2634 782 2687 und
808 2633 916 2700 Bousir,
941 2633 1031 2688 Geleit
1056 2650 1089 2688 zu
1109 2634 1214 2704 haben,
1234 2635 1371 2690 Glocken-

170 2723 264 2789 hiring,
283 2721 487 2786 Wessergenffi
512 2717 557 2772 die
579 2719 678 2773 Fisehe
704 2721 731 2773 in
750 2718 803 2774 den
824 2721 944 2787 Wogen‚
970 2720 1021 2775 dos
1040 2721 1115 2776 Wild
1134 2722 1184 2777 suf
1200 2722 1262 2777 deni
1281 2724 1371 2792 Laud,

171 2811 215 2865 die
233 2809 320 2876 Vogel
340 2811 367 2863 in
387 2808 447 2862 dem
467 2813 574 2875 grttnen
593 2808 694 2863 Wnld’.
731 2807 848 2877 Shslusp.
867 2809 981 2878 comedy
1000 2809 1031 2862 oi
1047 2824 1138 2864 errore
1157 2810 1184 2864 ll
1210 2818 1220 2864 1
1247 2811 1371 2866 ‘There’s

171 2898 302 2964 nothing,
320 2895 422 2950 situste
441 2894 528 2948 under
547 2894 666 2949 heavens
685 2909 748 2965 eye,
767 2896 817 2951 but
836 2896 906 2951 heth
924 2897 967 2952 his
986 2897 1087 2966 bound,
1106 2899 1134 2952 in
1153 2898 1248 2967 earth,
1266 2900 1295 2953 in
1314 2914 1371 2964 ses,

144 3041 147 3046 ,
169 2984 197 3037 in
215 2983 280 3053 sky:
300 2982 347 3037 the
367 2983 469 3049 beests,
487 2981 535 3035 the
554 2980 637 3035 fishes
656 2982 710 3036 end
729 2982 776 3037 the
795 2983 901 3050 winged
920 2983 1014 3050 touls,
1034 2999 1083 3039 ere
1100 2985 1174 3039 their
1192 2985 1289 3041 meles'
1308 2984 1370 3039 sub·

166 3071 238 3138 ieets
257 3069 312 3124 and
331 3077 361 3124 ot
385 3069 459 3123 their
482 3069 620 3124 oontrols’.
640 3100 670 3109 -
691 3071 792 3125 Peooet
814 3072 897 3138 igitur
920 3069 1034 3125 Paullus
1059 3068 1235 3125 silentiarius
1253 3072 1311 3126 ΑΡ.
1331 3071 1370 3125 IX

171 3163 229 3223 tol,
252 3162 262 3208 l
283 3173 322 3223 sq.
347 3155 471 3210 adhibito
494 3155 616 3224 epitheto
641 3157 713 3224 quod
738 3165 780 3212 est
802 3159 959 3213 sententiae
983 3159 1126 3212 institutae
1150 3174 1247 3225 porum
1274 3165 1369 3227 eptnrn

169 3246 299 3317 βριαρός.·
327 3246 361 3296 οὗ
381 3244 500 3316 βριαρόν
527 3263 590 3296 τινα
615 3243 691 3315 θῆρα
720 3252 766 3298 καὶ
787 3248 821 3299 οὔ
847 3265 911 3301 τινα
936 3247 1057 3300 πόντιον
1082 3247 1184 3316 ἰχθῦν,
1210 3247 1244 3299 οὕ
1263 3247 1370 3316 πτερὸν

169 3332 293 3400 ἀγρεύειν.
329 3333 366 3385 nt
393 3329 446 3384 hoo
472 3327 599 3396 exemplo
626 3329 702 3384 nolet
730 3332 873 3401 quisquam
903 3332 1083 3387 Bsumeisteri
1111 3333 1369 3400 interpretationem

168 3417 324 3472 defendere.
345 3447 376 3457 -
394 3418 426 3474 V.
446 3417 608 3484 epimetrum
628 3417 676 3474 IX.

241 3506 260 3574 ¹)
279 3504 419 3563 oudenarde
445 3525 476 3552 <
503 3505 713 3572 *εὐ-διμο-νός
737 3505 916 3573 (Grossmenn
941 3506 999 3563 ΚΖ.
1019 3507 1059 3561 XI
1084 3512 1108 3569 l)
1133 3506 1206 3576 quod
1230 3508 1311 3565 initio
1335 3491 1370 3566 de

167 3593 246 3647 oeelo
264 3608 360 3647 sereno
379 3590 487 3649 dieitur.

238 3681 258 3747 ¹)
277 3686 312 3732 Π
330 3683 507 3735 11111161.
526 3685 554 3733 Φ
573 3683 633 3736 868.
652 3683 713 3733 326.
733 3679 751 3732 d
768 3684 828 3737 tlt.
848 3685 906 3734 581.
926 3685 1014 3747 etet.
1034 3680 1146 3739 Hesiod
1158 3682 1240 3750 frgm.
1254 3688 1303 3737 241
1319 3683 1368 3743 ΒΖ.

238 3769 260 3836 ³)
281 3765 417 3823 Zenodor.
436 3765 482 3834 qui
500 3765 582 3821 huius
595 3766 833 3833 interpretationis
851 3782 935 3822 cause
950 3768 1106 3829 dietuertoc
1125 3769 1267 3836 scripsisse
1280 3768 1369 3826 fertur

166 3854 316 3910 Le-ltoche
343 3854 421 3913 Hom.
448 3854 584 3912 'l'extkrit
603 3860 662 3909 226.
700 3854 758 3909 lem
786 3853 932 3922 Euripides
957 3856 986 3910 in
1010 3856 1082 3912 hene
1108 3865 1217 3924 partem
1246 3857 1367 3925 glosssm

166 3943 261 4012 procul
279 3941 363 3997 dubio
381 3951 446 3996 tuno
464 3943 595 4010 temporis
614 3941 757 3998 obscurum
777 3951 921 4010 acceperet
941 3943 1041 4000 Bacch.
1064 3949 1129 3996 1256
1148 3942 1192 4007 (uf,
1212 3942 1296 3999 Rhes.
1316 3948 1367 4011 lt).

167 4030 311 4085 Lehmann
328 4046 378 4084 zur
396 4029 487 4084 Lehre
506 4045 568 4084 vom
586 4029 701 4087 Locetiv
725 4029 769 4083 bei
788 4029 898 4088 Homer.
916 4045 1007 4099 progr.
1032 4030 1190 4086 Neustettin
1211 4036 1280 4085 lew
1304 4047 1332 4099 p.
1351 4037 1367 4086 8

166 4117 203 4171 ‘in
222 4114 272 4170 der
289 4114 370 4170 Helle
387 4112 533 4171 fliessend’.
833 4124 836 4128 ’
996 4181 1000 4191 Ι

237 4208 259 4272 ⁴)
277 4204 341 4260 ΕΜ.
354 4209 414 4272 tto,
428 4210 443 4256 9
457 4221 514 4273 sqq.
533 4203 671 4272 Roediger
689 4204 722 4260 de
735 4205 819 4272 prior.
838 4206 952 4261 membr.
969 4206 997 4259 in
1017 4207 1227 4274 nomin.‘grseo.
1246 4221 1366 4277 compos.

165 4290 298 4350 conform.
316 4290 393 4345 fineli
412 4297 453 4345 tu.
490 4291 522 4349 G.
543 4292 639 4362 Meyer
657 4292 712 4347 BB.
732 4292 744 4346 1
764 4297 805 4349 et.

161 4426 163 4431 ,
238 4383 258 4446 ⁵)
278 4380 409 4438 dionesie
435 4383 552 4451 ἄγαλμα
580 4379 675 4448 Eurip.
706 4382 765 4448 lph.
791 4381 875 4437 Taur.
898 4387 957 4436 847.
995 4382 1126 4448 διοπετὴς
1154 4383 1243 4453 οἶοτνξρ
1270 4382 1366 4453 Eurip.

166 4467 247 4536 irgm.
266 4473 325 4526 911,
768 4477 774 4491 ·
