2956 5018
575 248 810 312 ..441-

94 444 127 503 et
143 436 229 521 ὕδωρ
244 437 337 502 iuxta
359 437 474 518 positis
490 438 605 502 eadem
628 456 761 517 prorsus
782 434 909 501 ratione
925 441 1024 515 atque
1041 437 1288 521 Πελοπόννησος

88 541 321 626 Ἑλλήσποντος
346 540 539 621 Κυνόσουρα
562 560 647 620 quae
669 540 801 605 nomina
828 539 1004 604 communis
1031 539 1183 618 loquendi
1214 558 1287 605 con-

93 646 234 711 suetudo
265 644 400 711 dissolvi
429 664 493 710 non
524 645 649 726 patitur
673 684 711 692 -
737 665 832 726 qnam
857 646 897 710 ob
928 663 1058 709 cansam
1082 642 1202 708 nemini
1232 662 1287 708 nn-

93 769 190 831 quam
207 749 269 815 fnit
284 748 451 829 offensioni
468 749 697 835 Ἑλλήσποντος
718 751 751 815 in
775 749 922 816 clausula
944 747 1124 813 hexametri
1147 748 1288 828 positum

93 854 186 920 cuius
208 854 262 918 lex
287 853 390 938 δήμου
414 859 524 938 φῆμις,
556 853 601 938 phi
626 859 698 918 δῖαν
720 854 808 918 nullo
831 852 926 917 modo
949 852 1022 931 fert,
1046 851 1160 916 sedin
1186 852 1288 937 δήμου

94 965 206 1043 φῆμις,
233 956 293 1042 ἠόα
319 962 390 1021 δῖαν
412 958 532 1023 mutari
554 958 654 1023 iubet.
700 956 962 1022 Vetustissimam
991 956 1129 1021 nominis
1151 956 1287 1021 formam

92 1081 211 1128 revera
233 1061 334 1127 fuisse
358 1061 572 1145 Στυγοσύδωρ
596 1063 706 1127 docel¹

183 1173 210 1232 l.
236 1186 313 1232 usus
332 1167 466 1233 Homeri
482 1167 537 1247 qui
560 1168 695 1248 simplex
713 1168 795 1244 Στύξ
819 1168 947 1232 omnino
964 1169 1094 1248 ignorat
1117 1165 1287 1231 discedens

91 1272 125 1337 in
155 1271 217 1336 hac
248 1273 348 1336 reah
372 1290 432 1336 usu
462 1271 646 1350 sequiorum
671 1311 709 1317 -
734 1272 827 1338 velut
849 1271 1039 1352 Apollonius
1062 1270 1207 1335 Rhodius
1231 1269 1286 1333 ad-

91 1374 190 1439 misit.
214 1373 324 1459 λοιβὴν
358 1374 480 1459 Στυγός
513 1375 546 1439 Π
586 1378 645 1439 291
688 1413 726 1422 --
761 1394 822 1439 nec
859 1375 1018 1442 vocabula
1054 1374 1148 1439 iuxta
1181 1372 1289 1453 posita

92 1497 234 1558 unquam
272 1478 336 1543 alio
373 1478 544 1543 interiecto
582 1477 719 1556 dirimit,
757 1477 789 1542 id
824 1479 909 1557 qnod
942 1497 985 1542 ne
1018 1497 1096 1543 casn
1131 1476 1288 1541 accidisse

91 1582 234 1663 opineris
258 1583 298 1646 tf.
323 1583 401 1647 Hes
427 1583 485 1647 Th.
510 1585 574 1647 805
598 1580 719 1663 Στυγὸς
743 1580 885 1666 ἄφθιτον
907 1582 1003 1665 ὕδωρ,
1028 1583 1058 1646 ll.
1082 1583 1113 1645 h.
1137 1582 1171 1645 ΙΙ
1196 1578 1287 1666 [519]

92 1684 215 1770 Στυγὸς
254 1684 411 1769 ὄμβριμον
450 1686 553 1770 ὕδωρ,
600 1687 683 1752 Abel
721 1687 821 1767 Orph.
859 1687 968 1769 hymn.
1009 1689 1067 1766 69,
1107 1689 1129 1749 4
1167 1682 1289 1768 Στυγὸς

93 1788 180 1872 ἱερὸν
205 1789 305 1871 ὕδωρ,
337 1789 413 1855 ibid.
438 1789 504 1873 οὐχ.
530 1819 582 1874 np.
616 1797 793 1855 Μουσαῖον
815 1793 856 1855 29
888 1792 1010 1874 Στυγὸς
1041 1790 1160 1874 ἀγλαὸν
1191 1789 1287 1872 ὕδωρ.

90 1893 228 1959 Accedit
250 1894 389 1960 alterum
420 1896 505 1974 quod
530 1895 758 1977 gravissimum
780 1895 935 1960 iudicem:
971 1895 998 1959 si
1021 1894 1153 1960 fluvium
1178 1893 1287 1976 Στύγα

90 1997 254 2062 Homerus
283 1998 411 2064 omnino
442 1999 605 2079 cognitum
634 1999 818 2079 habuisset,
850 1999 906 2065 vix
937 1999 1033 2063 credo
1064 2017 1137 2063 enm
1168 1997 1286 2062 admis-

90 2120 202 2166 surum
229 2100 330 2166 iuuisse
361 2099 563 2183 πλεονασμὸν
591 2102 681 2167 illum
711 2102 972 2168 molestissimum
996 2100 1119 2186 Στυγὸς
1147 2101 1288 2177 ’ὕδατος

91 2203 172 2269 αἰπὰ
206 2205 364 2288 ῥέεθρα,
400 2205 455 2286 qui
490 2206 609 2288 Qunnto
644 2206 823 2290 Smyrnaeo
858 2207 946 2271 ultra
977 2205 1116 2271 nominis
1150 2206 1287 2270 formam

89 2308 316 2389 simpliciorem
347 2310 548 2389 eandemque
578 2309 718 2390 posteris
749 2311 850 2375 solam
874 2309 1029 2375 usitatam
1052 2328 1116 2374 non
1146 2309 1289 2389 sapienti

89 2413 173 2477 adeo
198 2411 375 2493 displicuit,
404 2418 441 2477 ut
462 2411 580 2490 ὕδατος
602 2430 882 2494 supervacaneum
912 2412 972 2477 sibi
993 2411 1109 2478 'visum
1139 2411 1287 2478 emedia

89 2515 229 2580 formula
252 2515 391 2596 tolleret,
424 2515 493 2580 sine
517 2514 612 2579 dubio
636 2521 726 2580 recto
749 2515 782 2580 in
812 2517 874 2583 hac
896 2538 933 2582 re
964 2536 1062 2582 sensu
1084 2517 1139 2582 ille
1170 2510 1287 2581 ductus

89 2619 133 2703 (V
156 2621 232 2685 453.
260 2618 308 2683 VI
331 2619 420 2703 266).
465 2618 556 2683 Idem
579 2617 658 2684 lecit
679 2619 875 2685 Plutarchus
906 2621 947 2686 de
971 2620 1137 2702 superstit.
1162 2623 1183 2684 4
1214 2639 1286 2686 cnm

89 2723 215 2788 diceret
245 2722 367 2807 Στυγὸς
397 2721 581 2806 ἀπορρῶγες
613 2741 735 2788 memor
764 2724 877 2803 procul
911 2723 1008 2789 dubio
1037 2724 1100 2788 loci
1133 2724 1286 2789 homerici

89 2827 212 2912 Στυγὸς
234 2825 350 2903 ὕδατός
374 2829 462 2890 ἐστιν
478 2816 637 2909 ἀπορρώξ.
672 2825 786 2907 Neque
810 2826 906 2892 aliter
928 2828 1041 2893 Rohde
1058 2829 1187 2912 Psyche
1207 2829 1223 2892 I
1243 2831 1285 2894 49

90 2933 260 3015 ‘Kokytos
284 2931 343 2996 der
366 2930 448 3017 Styx
472 2930 623 2996 Abfiuss’.

178 3039 207 3101 2.
238 3035 334 3101 fidem
356 3034 437 3100 iacit
458 3035 548 3101 locus
571 3034 731 3101 Herodoti
753 3036 801 3101 VI
825 3038 866 3102 74
897 3041 930 3102 ἐν
958 3040 990 3103 δὲ
1024 3037 1122 3128 ταύτῃ
1151 3043 1187 3125 τῇ
1212 3038 1286 3103 πόλι

88 3141 216 3224 λέγεται
233 3135 314 3204 εἶναι
336 3143 400 3202 τῶν
415 3136 578 3221 Ἀρκάδων
601 3136 637 3203 τὸ
654 3137 777 3222 Στυγὸς
800 3141 884 3224 ὕδωρ
909 3141 962 3206 ubi
977 3161 1094 3207 nornen
1119 3142 1284 3223 proprium

88 3243 152 3307 duo
182 3260 335 3322 suprema
365 3243 467 3307 verba
497 3242 665 3322 complecti
688 3250 828 3324 apparet
855 3251 889 3310 et
911 3244 1108 3326 significavit
1131 3244 1221 3311 Stein
1251 3246 1285 3311 in

86 3345 194 3411 indice
224 3344 387 3409 nominum
416 3345 455 3428 (s.
486 3364 518 3411 v.
543 3344 665 3430 Στυγὸς
694 3345 805 3432 ὕδωρ).
852 3347 1005 3412 Ordinem
1036 3349 1120 3414 male
1149 3347 1284 3414 invertit

86 3449 273 3515 Pausanias
306 3447 391 3514 VIII
424 3451 474 3530 17,
507 3452 526 3514 6
560 3450 700 3535 κρημνός
735 3453 823 3514 ἐστιν
853 3450 988 3536 ὑψηλός·
1025 3451 1084 3536 οὐχ
1113 3454 1223 3538 ἕτερον
1253 3457 1285 3530 ἐς

62 3560 245 3630 Ιτοσοῦτον
279 3551 438 3639 ἀνήκοντα
472 3552 576 3634 ὕψους
612 3551 694 3619 οἶδα·
730 3552 785 3618 καί
815 3553 900 3636 ὕδωρ
935 3552 1016 3620 κατὰ
1052 3559 1110 3620 τοῦ
1144 3560 1286 3641 κρημνοῦ

88 3660 211 3738 στάζει·
246 3663 381 3723 καλοῦσι
416 3656 442 3722 δ’
467 3657 612 3744 Ἕλληνες
651 3655 730 3724 αὐτὸ
761 3657 846 3742 ’ὕδωρ
881 3657 1012 3742 Στυγός.
1058 3651 1121 3724 Cui¹
1147 3660 1285 3726 torrenti

86 3783 184 3846 quarn
223 3762 355 3844 egregie
393 3762 568 3829 conveniat
601 3764 767 3844 epitheton
805 3762 1000 3828 homericum
1036 3763 1130 3840 αἰπύς
1164 3764 1284 3845 optime

85 3868 255 3933 illustrant
299 3884 383 3950 quae
424 3865 547 3931 habent
591 3866 630 3932 E.
670 3867 773 3933 curtii
818 3866 1097 3948 Peloponnesiaca
1140 3867 1181 3931 de
1223 3868 1285 3932 hac

85 3968 235 4052 regione:
261 3969 333 4035 ‘Hin
350 3970 543 4052 Vorsprnng
565 3970 623 4037 des
639 3971 885 4055 Hochgebirgcs
908 3971 982 4037 funt
1003 3990 1088 4053 ganz
1111 3972 1286 4037 senkrecht

86 4075 144 4156 ab,
177 4073 236 4138 das
260 4072 512 4140 Schneewasser
542 4080 648 4141 stiirzt
678 4076 781 4142 daran
803 4075 838 4143 in
868 4073 950 4143 nwei
972 4079 1095 4142 mmcn
1117 4077 1282 4141 herunter.

84 4177 164 4241 Man
187 4177 276 4242 kann
299 4177 368 4241 sich
389 4176 485 4241 keine
508 4182 651 4244 wistane
674 4180 812 4262 (legend
836 4182 973 4264 denken,
1002 4182 1082 4247 alles
1105 4183 1218 4248 Lehen
1240 4184 1284 4250 ist

85 4282 258 4347 erstorben
288 4279 450 4345 zwischen
481 4281 554 4345 dem
582 4282 739 4363 zachigen
762 4282 898 4350 Gestein
921 4287 988 4351 und
1019 4287 1078 4351 der
1101 4287 1284 4352 Wunderer

85 4385 201 4450 erbeht
230 4384 263 4449 in
296 4384 354 4449 der
377 4385 621 4451 schauerlichen
649 4370 739 4450 (lde'.
786 4389 881 4455 Unde
911 4389 1010 4476 simul,
1037 4396 1177 4473 apparet
1206 4390 1283 4468 quid

83 4487 218 4554 tandem
254 4487 314 4554 sihi
351 4489 432 4556 velit
464 4508 581 4557 nomen
616 4491 828 4576 Στυμοσὺδωρ
864 4493 939 4561 huic
972 4497 1112 4565 torrenti
1145 4493 1282 4564 inditum
