<?xml version="1.0" encoding="UTF-8"?>
<!DOCTYPE html PUBLIC "-//W3C//DTD XHTML 1.0 Transitional//EN"
    "http://www.w3.org/TR/xhtml1/DTD/xhtml1-transitional.dtd">
<html xmlns="http://www.w3.org/1999/xhtml" xml:lang="en" lang="en">
 <head>
  <title>
</title>
<meta http-equiv="Content-Type" content="text/html;charset=utf-8" />
  <meta name='ocr-system' content='tesseract 3.04.00' />
  <meta name='ocr-capabilities' content='ocr_page ocr_carea ocr_par ocr_line ocrx_word'/>
</head>
<body>
  <div class='ocr_page' id='page_1' title='image "./quaestionesepca00schugoog_0256.png"; bbox 0 0 2956 5040; ppageno 0'>
   <div class='ocr_carea' id='block_1_1' title="bbox 551 200 821 282">
    <p class='ocr_par' dir='ltr' id='par_1_1' title="bbox 551 200 821 282">
     <span class='ocr_line' id='line_1_1' title="bbox 551 200 821 282; baseline 0.019 -5"><span class='ocrx_word' id='word_1_1' title='bbox 551 200 625 261; x_wconf 59' lang='grc'>’-</span> <span class='ocrx_word' id='word_1_2' title='bbox 671 208 821 282; x_wconf 72' lang='lat'>243·-</span> 
     </span>
    </p>
   </div>
   <div class='ocr_carea' id='block_1_2' title="bbox 101 398 1391 490">
    <p class='ocr_par' dir='ltr' id='par_1_2' title="bbox 101 398 1391 490">
     <span class='ocr_line' id='line_1_2' title="bbox 101 398 1391 490; baseline 0.009 -24"><span class='ocrx_word' id='word_1_3' title='bbox 101 398 247 481; x_wconf 88' lang='lat' dir='ltr'>potnisse</span> <span class='ocrx_word' id='word_1_4' title='bbox 281 419 345 465; x_wconf 93' lang='lat' dir='ltr'>non</span> <span class='ocrx_word' id='word_1_5' title='bbox 379 421 480 484; x_wconf 81' lang='lat' dir='ltr'>neg03</span> <span class='ocrx_word' id='word_1_6' title='bbox 524 421 719 486; x_wconf 86' lang='lat' dir='ltr'>quamquam</span> <span class='ocrx_word' id='word_1_7' title='bbox 753 405 829 472; x_wconf 92' lang='lat' dir='ltr'><strong>mihi</strong></span> <span class='ocrx_word' id='word_1_8' title='bbox 867 409 1059 490; x_wconf 81' lang='lat' dir='ltr'>praeplacet</span> <span class='ocrx_word' id='word_1_9' title='bbox 1095 411 1160 475; x_wconf 89' lang='lat' dir='ltr'>alia</span> <span class='ocrx_word' id='word_1_10' title='bbox 1198 411 1298 477; x_wconf 86' lang='lat' dir='ltr'>inter·</span> <span class='ocrx_word' id='word_1_11' title='bbox 1389 405 1391 409; x_wconf 65' lang='grc'>’</span> 
     </span>
    </p>
   </div>
   <div class='ocr_carea' id='block_1_3' title="bbox 101 502 1130 771">
    <p class='ocr_par' dir='ltr' id='par_1_3' title="bbox 101 502 1130 771">
     <span class='ocr_line' id='line_1_3' title="bbox 101 502 1130 592; baseline 0.015 -27"><span class='ocrx_word' id='word_1_12' title='bbox 101 502 254 583; x_wconf 86' lang='lat' dir='ltr'>pretendi</span> <span class='ocrx_word' id='word_1_13' title='bbox 276 504 359 572; x_wconf 87' lang='lat' dir='ltr'>ratio</span> <span class='ocrx_word' id='word_1_14' title='bbox 368 506 393 592; x_wconf 89' lang='lat'>¹)</span> <span class='ocrx_word' id='word_1_15' title='bbox 417 508 611 588; x_wconf 88' lang='lat' dir='ltr'>praesertim</span> <span class='ocrx_word' id='word_1_16' title='bbox 635 528 734 578; x_wconf 88' lang='lat' dir='ltr'>versu</span> <span class='ocrx_word' id='word_1_17' title='bbox 758 517 774 589; x_wconf 81' lang='grc' dir='ltr'>’ξ</span> <span class='ocrx_word' id='word_1_18' title='bbox 799 512 862 576; x_wconf 89' lang='grc'><strong>212</strong></span> <span class='ocrx_word' id='word_1_19' title='bbox 886 513 1130 580; x_wconf 87' lang='lat' dir='ltr'>commendata:</span> 
     </span>
     <span class='ocr_line' id='line_1_4' title="bbox 381 610 1081 688; baseline 0.006 -23"><span class='ocrx_word' id='word_1_20' title='bbox 381 610 467 665; x_wconf 72' lang='grc' dir='ltr'><em>εἵνεκ’</em></span> <span class='ocrx_word' id='word_1_21' title='bbox 488 613 556 682; x_wconf 64' lang='grc' dir='ltr'>ἐμῆς</span> <span class='ocrx_word' id='word_1_22' title='bbox 576 614 685 684; x_wconf 57' lang='lat' dir='ltr'>dorric,</span> <span class='ocrx_word' id='word_1_23' title='bbox 706 618 767 669; x_wconf 73' lang='grc' dir='ltr'>ἐπεὶ</span> <span class='ocrx_word' id='word_1_24' title='bbox 790 617 840 669; x_wconf 69' lang='grc' dir='ltr'>οὐκ</span> <span class='ocrx_word' id='word_1_25' title='bbox 859 619 1027 688; x_wconf 76' lang='grc' dir='ltr'><em>ιίποφιόλιος</em></span> <span class='ocrx_word' id='word_1_26' title='bbox 1046 617 1081 685; x_wconf 68' lang='grc' dir='ltr'>ἦα</span> 
     </span>
     <span class='ocr_line' id='line_1_5' title="bbox 370 680 696 771; baseline 0.015 -22"><span class='ocrx_word' id='word_1_27' title='bbox 370 680 447 750; x_wconf 64' lang='lat' dir='ltr'>bodl</span> <span class='ocrx_word' id='word_1_28' title='bbox 467 702 696 771; x_wconf 71' lang='grc' dir='ltr'><strong><em>φυγοπτόλεμος.</em></strong></span> 
     </span>
    </p>
   </div>
   <div class='ocr_carea' id='block_1_4' title="bbox 99 780 1403 1295">
    <p class='ocr_par' dir='ltr' id='par_1_4' title="bbox 99 780 1403 1295">
     <span class='ocr_line' id='line_1_6' title="bbox 101 780 1301 877; baseline 0.017 -34"><span class='ocrx_word' id='word_1_29' title='bbox 101 781 211 846; x_wconf 86' lang='lat' dir='ltr'>Verba</span> <span class='ocrx_word' id='word_1_30' title='bbox 235 781 320 848; x_wconf 92' lang='lat' dir='ltr'>enim</span> <span class='ocrx_word' id='word_1_31' title='bbox 345 780 401 848; x_wconf 74' lang='grc' dir='ltr'>οὐκ</span> <span class='ocrx_word' id='word_1_32' title='bbox 432 781 616 870; x_wconf 74' lang='grc' dir='ltr'><em>ἀποφώλιος</em></span> <span class='ocrx_word' id='word_1_33' title='bbox 647 781 690 874; x_wconf 78' lang='grc' dir='ltr'>ἦα</span> <span class='ocrx_word' id='word_1_34' title='bbox 721 791 830 857; x_wconf 88' lang='lat' dir='ltr'>nescio</span> <span class='ocrx_word' id='word_1_35' title='bbox 861 795 976 861; x_wconf 90' lang='lat' dir='ltr'>melius</span> <span class='ocrx_word' id='word_1_36' title='bbox 1007 795 1173 861; x_wconf 87' lang='lat' dir='ltr'>illustrare</span> <span class='ocrx_word' id='word_1_37' title='bbox 1204 816 1301 877; x_wconf 84' lang='lat' dir='ltr'>quam</span> 
     </span>
     <span class='ocr_line' id='line_1_7' title="bbox 100 885 1303 989; baseline 0.015 -39"><span class='ocrx_word' id='word_1_38' title='bbox 100 885 202 967; x_wconf 87' lang='lat' dir='ltr'>ipsius</span> <span class='ocrx_word' id='word_1_39' title='bbox 226 886 360 952; x_wconf 83' lang='lat' dir='ltr'>Homeri</span> <span class='ocrx_word' id='word_1_40' title='bbox 381 887 545 955; x_wconf 89' lang='lat' dir='ltr'>locutione</span> <span class='ocrx_word' id='word_1_41' title='bbox 569 891 716 960; x_wconf 89' lang='lat' dir='ltr'>adbibita</span> <span class='ocrx_word' id='word_1_42' title='bbox 738 900 768 960; x_wconf 87' lang='lat' dir='ltr'><em>P</em></span> <span class='ocrx_word' id='word_1_43' title='bbox 788 899 866 962; x_wconf 82' lang='lat'>152:</span> <span class='ocrx_word' id='word_1_44' title='bbox 902 900 992 965; x_wconf 77' lang='grc' dir='ltr'><em>πόλλ’</em></span> <span class='ocrx_word' id='word_1_45' title='bbox 1018 900 1135 989; x_wconf 78' lang='grc' dir='ltr'><em>ὄφελος</em></span> <span class='ocrx_word' id='word_1_46' title='bbox 1164 901 1303 988; x_wconf 73' lang='grc' dir='ltr'><em>γενόμην</em></span> 
     </span>
     <span class='ocr_line' id='line_1_8' title="bbox 100 991 1403 1092; baseline 0.013 -35"><span class='ocrx_word' id='word_1_47' title='bbox 100 1009 146 1057; x_wconf 90' lang='lat' dir='ltr'>sc.</span> <span class='ocrx_word' id='word_1_48' title='bbox 168 991 296 1072; x_wconf 83' lang='lat' dir='ltr'>patriae</span> <span class='ocrx_word' id='word_1_49' title='bbox 313 996 347 1056; x_wconf 90' lang='lat' dir='ltr'>et</span> <span class='ocrx_word' id='word_1_50' title='bbox 362 992 470 1074; x_wconf 80' lang='lat' dir='ltr'>genti;</span> <span class='ocrx_word' id='word_1_51' title='bbox 487 992 526 1057; x_wconf 89' lang='lat' dir='ltr'>cf.</span> <span class='ocrx_word' id='word_1_52' title='bbox 544 999 720 1076; x_wconf 85' lang='lat' dir='ltr'>praeterea</span> <span class='ocrx_word' id='word_1_53' title='bbox 736 998 898 1067; x_wconf 78' lang='lat' dir='ltr'>Theocrit.</span> <span class='ocrx_word' id='word_1_54' title='bbox 914 1003 1015 1069; x_wconf 91' lang='lat' dir='ltr'>XVII</span> <span class='ocrx_word' id='word_1_55' title='bbox 1030 1005 1072 1070; x_wconf 85' lang='lat'>35</span> <span class='ocrx_word' id='word_1_56' title='bbox 1087 1003 1203 1091; x_wconf 79' lang='grc' dir='ltr'><em>ὄφελος</em></span> <span class='ocrx_word' id='word_1_57' title='bbox 1218 1009 1301 1092; x_wconf 75' lang='grc' dir='ltr'><em>μέγα</em></span> <span class='ocrx_word' id='word_1_58' title='bbox 1396 1012 1403 1022; x_wconf 79' lang='grc'><strong><em>’</em></strong></span> 
     </span>
     <span class='ocr_line' id='line_1_9' title="bbox 99 1096 1300 1195; baseline 0.013 -34"><span class='ocrx_word' id='word_1_59' title='bbox 99 1097 318 1182; x_wconf 72' lang='grc' dir='ltr'><em>γειναμένοισι</em></span> <span class='ocrx_word' id='word_1_60' title='bbox 333 1096 423 1181; x_wconf 83' lang='lat' dir='ltr'>(opp.</span> <span class='ocrx_word' id='word_1_61' title='bbox 440 1096 554 1179; x_wconf 80' lang='lat' dir='ltr'>Eurip.</span> <span class='ocrx_word' id='word_1_62' title='bbox 571 1099 737 1168; x_wconf 73' lang='lat' dir='ltr'>Heracliti.</span> <span class='ocrx_word' id='word_1_63' title='bbox 761 1106 782 1169; x_wconf 82' lang='grc'>4</span> <span class='ocrx_word' id='word_1_64' title='bbox 803 1105 893 1172; x_wconf 82' lang='grc' dir='ltr'><em>πόλει</em></span> <span class='ocrx_word' id='word_1_65' title='bbox 914 1107 943 1173; x_wconf 82' lang='grc' dir='ltr'>τ’</span> <span class='ocrx_word' id='word_1_66' title='bbox 964 1106 1153 1195; x_wconf 76' lang='grc' dir='ltr'><em>ἄχρηστος).</em></span> <span class='ocrx_word' id='word_1_67' title='bbox 1185 1110 1300 1190; x_wconf 87' lang='lat' dir='ltr'>Homo,</span> 
     </span>
     <span class='ocr_line' id='line_1_10' title="bbox 102 1197 1301 1295; baseline 0.008 -26"><span class='ocrx_word' id='word_1_68' title='bbox 102 1197 138 1270; x_wconf 80' lang='grc' dir='ltr'>οὗ</span> <span class='ocrx_word' id='word_1_69' title='bbox 162 1203 279 1291; x_wconf 77' lang='grc' dir='ltr'><em>ὄφελός</em></span> <span class='ocrx_word' id='word_1_70' title='bbox 308 1232 356 1285; x_wconf 81' lang='grc' dir='ltr'>τι,</span> <span class='ocrx_word' id='word_1_71' title='bbox 387 1209 439 1270; x_wconf 88' lang='lat' dir='ltr'>est</span> <span class='ocrx_word' id='word_1_72' title='bbox 461 1223 556 1284; x_wconf 88' lang='lat' dir='ltr'>quem</span> <span class='ocrx_word' id='word_1_73' title='bbox 585 1225 644 1272; x_wconf 91' lang='lat' dir='ltr'>nos</span> <span class='ocrx_word' id='word_1_74' title='bbox 672 1207 807 1275; x_wconf 81' lang='lat' dir='ltr'><strong>dicimus</strong></span> <span class='ocrx_word' id='word_1_75' title='bbox 844 1211 1101 1295; x_wconf 80' lang='lat' dir='ltr'>‘kriegstdchtig&#39;</span> <span class='ocrx_word' id='word_1_76' title='bbox 1138 1213 1301 1280; x_wconf 82' lang='lat' dir='ltr'>Theocrit.</span> 
     </span>
    </p>
   </div>
   <div class='ocr_carea' id='block_1_5' title="bbox 99 1302 1425 1403">
    <p class='ocr_par' dir='ltr' id='par_1_5' title="bbox 99 1302 1425 1403">
     <span class='ocr_line' id='line_1_11' title="bbox 99 1302 1425 1403; baseline 0.007 -29"><span class='ocrx_word' id='word_1_77' title='bbox 99 1310 186 1375; x_wconf 91' lang='lat' dir='ltr'>XIII</span> <span class='ocrx_word' id='word_1_78' title='bbox 212 1312 251 1374; x_wconf 83' lang='lat'>18</span> <span class='ocrx_word' id='word_1_79' title='bbox 275 1308 331 1394; x_wconf 87' lang='lat' dir='ltr'>(de</span> <span class='ocrx_word' id='word_1_80' title='bbox 354 1308 621 1390; x_wconf 82' lang='lat' dir='ltr'><strong>Argonautarum</strong></span> <span class='ocrx_word' id='word_1_81' title='bbox 650 1313 867 1394; x_wconf 79' lang='lat' dir='ltr'>expeditionis</span> <span class='ocrx_word' id='word_1_82' title='bbox 891 1316 1118 1403; x_wconf 78' lang='lat' dir='ltr'>participibus)</span> <span class='ocrx_word' id='word_1_83' title='bbox 1148 1318 1300 1400; x_wconf 92' lang='lat' dir='ltr'>Xenoph.</span> <span class='ocrx_word' id='word_1_84' title='bbox 1422 1302 1425 1305; x_wconf 53' lang='grc'><strong>’</strong></span> 
     </span>
    </p>
   </div>
   <div class='ocr_carea' id='block_1_6' title="bbox 91 1411 1302 3769">
    <p class='ocr_par' dir='ltr' id='par_1_6' title="bbox 99 1411 1299 1608">
     <span class='ocr_line' id='line_1_12' title="bbox 99 1411 1299 1506; baseline 0.009 -29"><span class='ocrx_word' id='word_1_85' title='bbox 99 1412 227 1478; x_wconf 85' lang='lat' dir='ltr'>Hellen.</span> <span class='ocrx_word' id='word_1_86' title='bbox 252 1412 300 1478; x_wconf 90' lang='lat' dir='ltr'>VI</span> <span class='ocrx_word' id='word_1_87' title='bbox 324 1413 353 1494; x_wconf 83' lang='lat'>2,</span> <span class='ocrx_word' id='word_1_88' title='bbox 371 1413 413 1478; x_wconf 85' lang='grc'>23</span> <span class='ocrx_word' id='word_1_89' title='bbox 423 1411 467 1498; x_wconf 66' lang='grc'>2);</span> <span class='ocrx_word' id='word_1_90' title='bbox 492 1432 565 1496; x_wconf 92' lang='lat' dir='ltr'>opp.</span> <span class='ocrx_word' id='word_1_91' title='bbox 591 1415 694 1494; x_wconf 76' lang='grc' dir='ltr'><em>δειλὸς</em></span> <span class='ocrx_word' id='word_1_92' title='bbox 717 1416 798 1505; x_wconf 72' lang='grc' dir='ltr'>ἀνήρ</span> <span class='ocrx_word' id='word_1_93' title='bbox 822 1420 862 1486; x_wconf 93' lang='lat' dir='ltr'>de</span> <span class='ocrx_word' id='word_1_94' title='bbox 886 1440 949 1502; x_wconf 86' lang='lat' dir='ltr'>quo</span> <span class='ocrx_word' id='word_1_95' title='bbox 972 1422 1050 1488; x_wconf 93' lang='lat' dir='ltr'>audi</span> <span class='ocrx_word' id='word_1_96' title='bbox 1073 1423 1219 1506; x_wconf 81' lang='lat' dir='ltr'>Theogn.</span> <span class='ocrx_word' id='word_1_97' title='bbox 1241 1425 1299 1488; x_wconf 86' lang='grc'>102</span> 
     </span>
     <span class='ocr_line' id='line_1_13' title="bbox 100 1517 849 1608; baseline 0.012 -26"><span class='ocrx_word' id='word_1_98' title='bbox 100 1520 136 1583; x_wconf 74' lang='grc' dir='ltr'>τί</span> <span class='ocrx_word' id='word_1_99' title='bbox 155 1518 183 1582; x_wconf 81' lang='grc' dir='ltr'>δ’</span> <span class='ocrx_word' id='word_1_100' title='bbox 207 1517 275 1583; x_wconf 78' lang='grc' dir='ltr'><em>ἔστ’</em></span> <span class='ocrx_word' id='word_1_101' title='bbox 300 1517 415 1603; x_wconf 80' lang='grc' dir='ltr'><em>ὄφελος</em></span> <span class='ocrx_word' id='word_1_102' title='bbox 439 1518 543 1598; x_wconf 80' lang='grc' dir='ltr'><em>δειλὸς</em></span> <span class='ocrx_word' id='word_1_103' title='bbox 567 1519 648 1608; x_wconf 75' lang='grc' dir='ltr'>ἀνὴρ</span> <span class='ocrx_word' id='word_1_104' title='bbox 673 1523 766 1608; x_wconf 78' lang='grc' dir='ltr'><em>φιλος</em></span> <span class='ocrx_word' id='word_1_105' title='bbox 790 1522 849 1606; x_wconf 62' lang='grc' dir='ltr'>οἷος</span> 
     </span>
    </p>

    <p class='ocr_par' dir='ltr' id='par_1_7' title="bbox 97 1622 1302 2127">
     <span class='ocr_line' id='line_1_14' title="bbox 186 1622 1299 1712; baseline 0.007 -24"><span class='ocrx_word' id='word_1_106' title='bbox 186 1625 296 1688; x_wconf 73' lang='grc'><strong>11176</strong></span> <span class='ocrx_word' id='word_1_107' title='bbox 319 1622 393 1690; x_wconf 84' lang='grc' dir='ltr'>νοόν</span> <span class='ocrx_word' id='word_1_108' title='bbox 416 1622 603 1712; x_wconf 76' lang='grc' dir='ltr'><em>ἀποφώλιος</em></span> <span class='ocrx_word' id='word_1_109' title='bbox 625 1625 682 1711; x_wconf 87' lang='lat' dir='ltr'>(de</span> <span class='ocrx_word' id='word_1_110' title='bbox 712 1627 858 1712; x_wconf 83' lang='lat' dir='ltr'>Euryalo</span> <span class='ocrx_word' id='word_1_111' title='bbox 889 1629 944 1710; x_wconf 89' lang='lat' dir='ltr'>qui</span> <span class='ocrx_word' id='word_1_112' title='bbox 975 1630 1085 1698; x_wconf 87' lang='lat' dir='ltr'>verbis</span> <span class='ocrx_word' id='word_1_113' title='bbox 1107 1631 1299 1712; x_wconf 79' lang='lat' dir='ltr'>procacibus</span> 
     </span>
     <span class='ocr_line' id='line_1_15' title="bbox 98 1729 1302 1821; baseline 0.005 -27"><span class='ocrx_word' id='word_1_114' title='bbox 98 1729 132 1794; x_wconf 94' lang='lat' dir='ltr'>in</span> <span class='ocrx_word' id='word_1_115' title='bbox 156 1729 285 1796; x_wconf 85' lang='lat' dir='ltr'>Ulixem</span> <span class='ocrx_word' id='word_1_116' title='bbox 307 1729 459 1798; x_wconf 89' lang='lat' dir='ltr'>invectus</span> <span class='ocrx_word' id='word_1_117' title='bbox 482 1731 569 1816; x_wconf 86' lang='lat' dir='ltr'>erat)</span> <span class='ocrx_word' id='word_1_118' title='bbox 592 1732 677 1797; x_wconf 92' lang='lat' dir='ltr'>idem</span> <span class='ocrx_word' id='word_1_119' title='bbox 698 1731 768 1797; x_wconf 88' lang='lat' dir='ltr'>fere</span> <span class='ocrx_word' id='word_1_120' title='bbox 791 1732 882 1800; x_wconf 88' lang='lat' dir='ltr'>valet</span> <span class='ocrx_word' id='word_1_121' title='bbox 897 1733 982 1813; x_wconf 89' lang='lat' dir='ltr'>quod</span> <span class='ocrx_word' id='word_1_122' title='bbox 1006 1739 1063 1799; x_wconf 81' lang='grc' dir='ltr'>τοῦ</span> <span class='ocrx_word' id='word_1_123' title='bbox 1079 1733 1196 1821; x_wconf 81' lang='grc' dir='ltr'><em>ὄφελός</em></span> <span class='ocrx_word' id='word_1_124' title='bbox 1212 1739 1302 1801; x_wconf 77' lang='grc' dir='ltr'><em>ἐστιν</em></span> 
     </span>
     <span class='ocr_line' id='line_1_16' title="bbox 100 1833 1299 1906; baseline 0.005 -8"><span class='ocrx_word' id='word_1_125' title='bbox 100 1833 194 1899; x_wconf 72' lang='grc' dir='ltr'><em>οὐδὲν</em></span> <span class='ocrx_word' id='word_1_126' title='bbox 209 1834 332 1901; x_wconf 89' lang='lat' dir='ltr'>Herod.</span> <span class='ocrx_word' id='word_1_127' title='bbox 355 1836 440 1903; x_wconf 88' lang='lat' dir='ltr'>VIII</span> <span class='ocrx_word' id='word_1_128' title='bbox 466 1840 507 1902; x_wconf 80' lang='lat'>08</span> <span class='ocrx_word' id='word_1_129' title='bbox 528 1856 578 1903; x_wconf 84' lang='lat' dir='ltr'>ex.</span> <span class='ocrx_word' id='word_1_130' title='bbox 604 1837 657 1906; x_wconf 90' lang='lat' dir='ltr'>vel</span> <span class='ocrx_word' id='word_1_131' title='bbox 680 1843 718 1904; x_wconf 85' lang='lat' dir='ltr'>ut</span> <span class='ocrx_word' id='word_1_132' title='bbox 740 1839 840 1906; x_wconf 89' lang='lat' dir='ltr'>verbo</span> <span class='ocrx_word' id='word_1_133' title='bbox 862 1842 939 1903; x_wconf 89' lang='lat' dir='ltr'>utar</span> <span class='ocrx_word' id='word_1_134' title='bbox 961 1837 1137 1903; x_wconf 82' lang='lat' dir='ltr'>abiectIore</span> <span class='ocrx_word' id='word_1_135' title='bbox 1162 1839 1299 1904; x_wconf 90' lang='lat' dir='ltr'>‘Nicbts-</span> 
     </span>
     <span class='ocr_line' id='line_1_17' title="bbox 97 1940 1301 2031; baseline 0.003 -26"><span class='ocrx_word' id='word_1_136' title='bbox 97 1941 231 2026; x_wconf 76' lang='lat' dir='ltr'>nutz&#39;.³)</span> <span class='ocrx_word' id='word_1_137' title='bbox 266 1942 319 2008; x_wconf 84' lang='lat' dir='ltr'>Ad</span> <span class='ocrx_word' id='word_1_138' title='bbox 343 1951 360 2008; x_wconf 89' lang='grc' dir='ltr'><em>λ</em></span> <span class='ocrx_word' id='word_1_139' title='bbox 383 1944 447 2008; x_wconf 81' lang='grc'>249</span> <span class='ocrx_word' id='word_1_140' title='bbox 472 1941 528 2009; x_wconf 80' lang='grc' dir='ltr'>οὐκ</span> <span class='ocrx_word' id='word_1_141' title='bbox 551 1941 734 2031; x_wconf 73' lang='grc' dir='ltr'><em>ἀποφώλιοι</em></span> <span class='ocrx_word' id='word_1_142' title='bbox 769 1941 862 2008; x_wconf 70' lang='grc' dir='ltr'><em>εὔνοι’</em></span> <span class='ocrx_word' id='word_1_143' title='bbox 895 1940 1069 2008; x_wconf 69' lang='grc' dir='ltr'>ἀθανάτων</span> <span class='ocrx_word' id='word_1_144' title='bbox 1098 1982 1138 1990; x_wconf 85' lang='grc'>-</span> <span class='ocrx_word' id='word_1_145' title='bbox 1166 1945 1301 2024; x_wconf 79' lang='lat' dir='ltr'>pariunt</span> 
     </span>
     <span class='ocr_line' id='line_1_18' title="bbox 97 2045 1299 2127; baseline 0.002 -16"><span class='ocrx_word' id='word_1_146' title='bbox 97 2045 182 2111; x_wconf 89' lang='lat' dir='ltr'>enim</span> <span class='ocrx_word' id='word_1_147' title='bbox 199 2046 352 2113; x_wconf 88' lang='lat' dir='ltr'>mulieres</span> <span class='ocrx_word' id='word_1_148' title='bbox 368 2046 559 2127; x_wconf 87' lang='lat' dir='ltr'><strong>quibuscum</strong></span> <span class='ocrx_word' id='word_1_149' title='bbox 581 2047 634 2112; x_wconf 90' lang='lat' dir='ltr'>dei</span> <span class='ocrx_word' id='word_1_150' title='bbox 654 2049 899 2114; x_wconf 89' lang='lat' dir='ltr'>concubuerunt</span> <span class='ocrx_word' id='word_1_151' title='bbox 922 2085 962 2093; x_wconf 93' lang='lat'>——</span> <span class='ocrx_word' id='word_1_152' title='bbox 987 2047 1026 2113; x_wconf 85' lang='lat' dir='ltr'>ci.</span> <span class='ocrx_word' id='word_1_153' title='bbox 1043 2048 1189 2113; x_wconf 88' lang='lat' dir='ltr'>Manetb.</span> <span class='ocrx_word' id='word_1_154' title='bbox 1206 2057 1241 2114; x_wconf 87' lang='lat' dir='ltr'><em>A</em></span> <span class='ocrx_word' id='word_1_155' title='bbox 1256 2052 1299 2114; x_wconf 87' lang='grc'>49</span> 
     </span>
    </p>

    <p class='ocr_par' dir='ltr' id='par_1_8' title="bbox 340 2151 1030 2226">
     <span class='ocr_line' id='line_1_19' title="bbox 340 2151 1030 2226; baseline -0.001 -21"><span class='ocrx_word' id='word_1_156' title='bbox 340 2153 502 2225; x_wconf 74' lang='grc' dir='ltr'><strong><em>στειρώδεις</em></strong></span> <span class='ocrx_word' id='word_1_157' title='bbox 521 2151 578 2226; x_wconf 69' lang='grc' dir='ltr'>γὰρ</span> <span class='ocrx_word' id='word_1_158' title='bbox 598 2156 679 2206; x_wconf 76' lang='grc' dir='ltr'><em>ἔασιν</em></span> <span class='ocrx_word' id='word_1_159' title='bbox 699 2154 804 2224; x_wconf 64' lang='grc' dir='ltr'>α’χρᾴιιέ</span> <span class='ocrx_word' id='word_1_160' title='bbox 824 2152 846 2205; x_wconf 79' lang='grc' dir='ltr'>ν’</span> <span class='ocrx_word' id='word_1_161' title='bbox 866 2154 1030 2206; x_wconf 61' lang='lat' dir='ltr'>andracum.</span> 
     </span>
    </p>

    <p class='ocr_par' dir='ltr' id='par_1_9' title="bbox 95 2237 1298 2849">
     <span class='ocr_line' id='line_1_20' title="bbox 98 2237 1297 2328; baseline 0.003 -25"><span class='ocrx_word' id='word_1_162' title='bbox 98 2266 112 2304; x_wconf 86' lang='grc' dir='ltr'><em>ε</em></span> <span class='ocrx_word' id='word_1_163' title='bbox 149 2241 210 2304; x_wconf 78' lang='grc'><strong>182</strong></span> <span class='ocrx_word' id='word_1_164' title='bbox 253 2237 308 2305; x_wconf 74' lang='grc' dir='ltr'>οὐκ</span> <span class='ocrx_word' id='word_1_165' title='bbox 351 2239 524 2328; x_wconf 75' lang='grc' dir='ltr'><em>ἀποφώλια</em></span> <span class='ocrx_word' id='word_1_166' title='bbox 565 2239 677 2323; x_wconf 62' lang='lat' dir='ltr'>sealde</span> <span class='ocrx_word' id='word_1_167' title='bbox 719 2238 755 2324; x_wconf 86' lang='lat'>(=</span> <span class='ocrx_word' id='word_1_168' title='bbox 789 2239 849 2304; x_wconf 79' lang='lat' dir='ltr'>das</span> <span class='ocrx_word' id='word_1_169' title='bbox 888 2239 1057 2304; x_wconf 83' lang='lat' dir='ltr'>thzliche</span> <span class='ocrx_word' id='word_1_170' title='bbox 1097 2238 1297 2327; x_wconf 78' lang='lat' dir='ltr'>(Passende)</span> 
     </span>
     <span class='ocr_line' id='line_1_21' title="bbox 96 2343 1296 2429; baseline 0 -18"><span class='ocrx_word' id='word_1_171' title='bbox 96 2344 253 2429; x_wconf 87' lang='lat' dir='ltr'>wissend)</span> <span class='ocrx_word' id='word_1_172' title='bbox 276 2344 305 2409; x_wconf 93' lang='lat' dir='ltr'>is</span> <span class='ocrx_word' id='word_1_173' title='bbox 334 2351 424 2411; x_wconf 88' lang='lat' dir='ltr'>recte</span> <span class='ocrx_word' id='word_1_174' title='bbox 455 2345 574 2412; x_wconf 88' lang='lat' dir='ltr'>dicitur</span> <span class='ocrx_word' id='word_1_175' title='bbox 602 2344 656 2425; x_wconf 91' lang='lat' dir='ltr'>qui</span> <span class='ocrx_word' id='word_1_176' title='bbox 680 2343 765 2424; x_wconf 89' lang='lat' dir='ltr'>quod</span> <span class='ocrx_word' id='word_1_177' title='bbox 789 2343 904 2424; x_wconf 90' lang='lat' dir='ltr'>cuique</span> <span class='ocrx_word' id='word_1_178' title='bbox 935 2343 1096 2409; x_wconf 87' lang='lat' dir='ltr'>occasioni</span> <span class='ocrx_word' id='word_1_179' title='bbox 1127 2351 1162 2410; x_wconf 86' lang='lat' dir='ltr'>et</span> <span class='ocrx_word' id='word_1_180' title='bbox 1188 2364 1296 2411; x_wconf 90' lang='lat' dir='ltr'>rerum</span> 
     </span>
     <span class='ocr_line' id='line_1_22' title="bbox 96 2447 1297 2531; baseline 0.001 -18"><span class='ocrx_word' id='word_1_181' title='bbox 96 2448 275 2515; x_wconf 88' lang='lat' dir='ltr'>condicioni</span> <span class='ocrx_word' id='word_1_182' title='bbox 298 2451 576 2516; x_wconf 88' lang='lat' dir='ltr'>accommodatum</span> <span class='ocrx_word' id='word_1_183' title='bbox 606 2455 659 2515; x_wconf 87' lang='lat' dir='ltr'>est</span> <span class='ocrx_word' id='word_1_184' title='bbox 688 2447 750 2513; x_wconf 86' lang='lat' dir='ltr'>scit</span> <span class='ocrx_word' id='word_1_185' title='bbox 778 2447 867 2529; x_wconf 89' lang='lat' dir='ltr'>loqui</span> <span class='ocrx_word' id='word_1_186' title='bbox 896 2454 931 2513; x_wconf 91' lang='lat' dir='ltr'>et</span> <span class='ocrx_word' id='word_1_187' title='bbox 953 2467 1063 2530; x_wconf 84' lang='lat' dir='ltr'>agere.</span> <span class='ocrx_word' id='word_1_188' title='bbox 1110 2447 1202 2531; x_wconf 83' lang='lat' dir='ltr'>Quae</span> <span class='ocrx_word' id='word_1_189' title='bbox 1226 2467 1297 2514; x_wconf 86' lang='lat' dir='ltr'>cum</span> 
     </span>
     <span class='ocr_line' id='line_1_23' title="bbox 95 2551 1298 2641; baseline 0.002 -26"><span class='ocrx_word' id='word_1_190' title='bbox 95 2551 143 2616; x_wconf 89' lang='lat' dir='ltr'>ita</span> <span class='ocrx_word' id='word_1_191' title='bbox 166 2551 247 2633; x_wconf 86' lang='lat' dir='ltr'>sint,</span> <span class='ocrx_word' id='word_1_192' title='bbox 278 2551 465 2639; x_wconf 72' lang='grc' dir='ltr'><em>ἀποφώλιος</em></span> <span class='ocrx_word' id='word_1_193' title='bbox 495 2574 516 2620; x_wconf 91' lang='lat' dir='ltr'>a</span> <span class='ocrx_word' id='word_1_194' title='bbox 545 2573 625 2623; x_wconf 87' lang='lat' dir='ltr'>voce</span> <span class='ocrx_word' id='word_1_195' title='bbox 657 2553 773 2641; x_wconf 78' lang='grc' dir='ltr'><em>ὄφελος</em></span> <span class='ocrx_word' id='word_1_196' title='bbox 803 2555 887 2618; x_wconf 90' lang='lat' dir='ltr'>bene</span> <span class='ocrx_word' id='word_1_197' title='bbox 921 2553 1027 2636; x_wconf 85' lang='lat' dir='ltr'>repeti</span> <span class='ocrx_word' id='word_1_198' title='bbox 1057 2571 1153 2635; x_wconf 89' lang='lat' dir='ltr'>posse</span> <span class='ocrx_word' id='word_1_199' title='bbox 1184 2552 1298 2634; x_wconf 86' lang='lat' dir='ltr'>opinor</span> 
     </span>
     <span class='ocr_line' id='line_1_24' title="bbox 95 2655 1296 2746; baseline 0.002 -25"><span class='ocrx_word' id='word_1_200' title='bbox 95 2655 224 2722; x_wconf 91' lang='lat' dir='ltr'>collatis</span> <span class='ocrx_word' id='word_1_201' title='bbox 262 2656 376 2740; x_wconf 82' lang='lat' dir='ltr'>Enrip.</span> <span class='ocrx_word' id='word_1_202' title='bbox 415 2657 528 2742; x_wconf 86' lang='lat' dir='ltr'>Suppl.</span> <span class='ocrx_word' id='word_1_203' title='bbox 560 2662 623 2726; x_wconf 85' lang='grc'>239</span> <span class='ocrx_word' id='word_1_204' title='bbox 663 2657 838 2746; x_wconf 78' lang='grc' dir='ltr'><em>ἀνωφελεῖς</em></span> <span class='ocrx_word' id='word_1_205' title='bbox 878 2664 912 2737; x_wconf 84' lang='lat' dir='ltr'>et</span> <span class='ocrx_word' id='word_1_206' title='bbox 945 2658 1043 2740; x_wconf 81' lang='lat' dir='ltr'>Soph.</span> <span class='ocrx_word' id='word_1_207' title='bbox 1084 2657 1196 2740; x_wconf 84' lang='lat' dir='ltr'>Antig.</span> <span class='ocrx_word' id='word_1_208' title='bbox 1232 2660 1296 2723; x_wconf 74' lang='lat'>645</span> 
     </span>
     <span class='ocr_line' id='line_1_25' title="bbox 95 2760 415 2849; baseline 0.006 -23"><span class='ocrx_word' id='word_1_209' title='bbox 95 2760 286 2849; x_wconf 72' lang='grc' dir='ltr'><em>ἀνωφέλητα</em></span> <span class='ocrx_word' id='word_1_210' title='bbox 312 2764 415 2829; x_wconf 79' lang='grc' dir='ltr'><strong><em>τέκνα.</em></strong></span> 
     </span>
    </p>

    <p class='ocr_par' dir='ltr' id='par_1_10' title="bbox 91 2865 1295 3769">
     <span class='ocr_line' id='line_1_26' title="bbox 181 2865 1294 2950; baseline 0.001 -19"><span class='ocrx_word' id='word_1_211' title='bbox 181 2866 250 2932; x_wconf 90' lang='lat' dir='ltr'>Nec</span> <span class='ocrx_word' id='word_1_212' title='bbox 280 2865 385 2933; x_wconf 88' lang='lat' dir='ltr'>forma</span> <span class='ocrx_word' id='word_1_213' title='bbox 414 2866 628 2949; x_wconf 81' lang='lat' dir='ltr'>prohibetae</span> <span class='ocrx_word' id='word_1_214' title='bbox 659 2867 744 2933; x_wconf 89' lang='lat' dir='ltr'>hanc</span> <span class='ocrx_word' id='word_1_215' title='bbox 775 2866 1024 2950; x_wconf 81' lang='lat' dir='ltr'>originationem</span> <span class='ocrx_word' id='word_1_216' title='bbox 1048 2866 1294 2949; x_wconf 86' lang='lat' dir='ltr'>amplectamur.</span> 
     </span>
     <span class='ocr_line' id='line_1_27' title="bbox 94 2968 1295 3059; baseline 0.003 -25"><span class='ocrx_word' id='word_1_217' title='bbox 94 2968 141 3035; x_wconf 84' lang='lat' dir='ltr'>Ut</span> <span class='ocrx_word' id='word_1_218' title='bbox 163 2969 248 3035; x_wconf 79' lang='lat' dir='ltr'>enim</span> <span class='ocrx_word' id='word_1_219' title='bbox 271 2970 364 3036; x_wconf 76' lang='lat' dir='ltr'>iuxta</span> <span class='ocrx_word' id='word_1_220' title='bbox 387 2970 423 3037; x_wconf 81' lang='grc' dir='ltr'>τὸ</span> <span class='ocrx_word' id='word_1_221' title='bbox 448 2983 556 3057; x_wconf 82' lang='grc' dir='ltr'><em>τεῖχος</em></span> <span class='ocrx_word' id='word_1_222' title='bbox 580 2972 595 3039; x_wconf 81' lang='grc' dir='ltr'><strong><em>ὅ</em></strong></span> <span class='ocrx_word' id='word_1_223' title='bbox 619 2984 743 3058; x_wconf 81' lang='grc' dir='ltr'><em>τοῖχος,</em></span> <span class='ocrx_word' id='word_1_224' title='bbox 777 2971 813 3039; x_wconf 84' lang='grc' dir='ltr'>τὸ</span> <span class='ocrx_word' id='word_1_225' title='bbox 837 2973 927 3059; x_wconf 78' lang='grc' dir='ltr'><em>γένος</em></span> <span class='ocrx_word' id='word_1_226' title='bbox 952 2971 967 3038; x_wconf 86' lang='grc' dir='ltr'><em>ὃ</em></span> <span class='ocrx_word' id='word_1_227' title='bbox 989 2971 1099 3057; x_wconf 75' lang='grc' dir='ltr'><em>γόνος,</em></span> <span class='ocrx_word' id='word_1_228' title='bbox 1131 2971 1179 3037; x_wconf 83' lang='lat' dir='ltr'>ito</span> <span class='ocrx_word' id='word_1_229' title='bbox 1200 2971 1295 3038; x_wconf 76' lang='lat' dir='ltr'>iuxta</span> 
     </span>
     <span class='ocr_line' id='line_1_28' title="bbox 93 3072 1294 3165; baseline 0.001 -24"><span class='ocrx_word' id='word_1_230' title='bbox 93 3073 131 3141; x_wconf 76' lang='grc' dir='ltr'>τὸ</span> <span class='ocrx_word' id='word_1_231' title='bbox 155 3072 271 3162; x_wconf 78' lang='grc' dir='ltr'><em>ὄφελος</em></span> <span class='ocrx_word' id='word_1_232' title='bbox 295 3076 370 3142; x_wconf 90' lang='lat' dir='ltr'>olim</span> <span class='ocrx_word' id='word_1_233' title='bbox 392 3076 426 3142; x_wconf 92' lang='lat' dir='ltr'>in</span> <span class='ocrx_word' id='word_1_234' title='bbox 449 3096 510 3144; x_wconf 90' lang='lat' dir='ltr'>usn</span> <span class='ocrx_word' id='word_1_235' title='bbox 525 3076 627 3143; x_wconf 87' lang='lat' dir='ltr'>fuisse</span> <span class='ocrx_word' id='word_1_236' title='bbox 649 3096 767 3143; x_wconf 91' lang='lat' dir='ltr'>nomen</span> <span class='ocrx_word' id='word_1_237' title='bbox 783 3077 947 3158; x_wconf 87' lang='lat' dir='ltr'>quoddam</span> <span class='ocrx_word' id='word_1_238' title='bbox 968 3075 984 3143; x_wconf 79' lang='grc' dir='ltr'><em>ὃ</em></span> <span class='ocrx_word' id='word_1_239' title='bbox 1005 3075 1143 3165; x_wconf 65' lang='lat' dir='ltr'>*beonoc</span> <span class='ocrx_word' id='word_1_240' title='bbox 1166 3095 1294 3142; x_wconf 91' lang='lat' dir='ltr'>sumere</span> 
     </span>
     <span class='ocr_line' id='line_1_29' title="bbox 92 3179 1292 3263; baseline 0.003 -18"><span class='ocrx_word' id='word_1_241' title='bbox 92 3179 179 3262; x_wconf 89' lang='lat' dir='ltr'>licet,</span> <span class='ocrx_word' id='word_1_242' title='bbox 204 3180 290 3246; x_wconf 91' lang='lat' dir='ltr'>unde</span> <span class='ocrx_word' id='word_1_243' title='bbox 314 3181 485 3247; x_wconf 91' lang='lat' dir='ltr'>descendit</span> <span class='ocrx_word' id='word_1_244' title='bbox 506 3180 719 3263; x_wconf 90' lang='lat' dir='ltr'>productione</span> <span class='ocrx_word' id='word_1_245' title='bbox 747 3181 926 3263; x_wconf 87' lang='lat' dir='ltr'>paullulum</span> <span class='ocrx_word' id='word_1_246' title='bbox 943 3183 1159 3249; x_wconf 87' lang='lat' dir='ltr'>deformatum</span> <span class='ocrx_word' id='word_1_247' title='bbox 1182 3182 1292 3259; x_wconf 57' lang='grc' dir='ltr'><em>(Ἔπο-</em></span> 
     </span>
     <span class='ocr_line' id='line_1_30' title="bbox 94 3282 1292 3371; baseline 0.003 -23"><span class='ocrx_word' id='word_1_248' title='bbox 94 3283 221 3371; x_wconf 78' lang='grc' dir='ltr'><em>φόλιος)</em></span> <span class='ocrx_word' id='word_1_249' title='bbox 246 3282 441 3371; x_wconf 78' lang='grc' dir='ltr'><em>ἀποφώλιος.</em></span> <span class='ocrx_word' id='word_1_250' title='bbox 480 3284 574 3352; x_wconf 92' lang='lat' dir='ltr'>Inest</span> <span class='ocrx_word' id='word_1_251' title='bbox 595 3291 706 3352; x_wconf 87' lang='lat' dir='ltr'>tamen</span> <span class='ocrx_word' id='word_1_252' title='bbox 722 3287 846 3368; x_wconf 88' lang='lat' dir='ltr'>aliquid</span> <span class='ocrx_word' id='word_1_253' title='bbox 869 3288 1068 3353; x_wconf 84' lang='lat' dir='ltr'>difficultatis</span> <span class='ocrx_word' id='word_1_254' title='bbox 1084 3288 1117 3354; x_wconf 90' lang='lat' dir='ltr'>in</span> <span class='ocrx_word' id='word_1_255' title='bbox 1135 3288 1241 3355; x_wconf 88' lang='lat' dir='ltr'>vocali</span> <span class='ocrx_word' id='word_1_256' title='bbox 1257 3315 1292 3367; x_wconf 86' lang='grc' dir='ltr'>ω,</span> 
     </span>
     <span class='ocr_line' id='line_1_31' title="bbox 92 3387 1294 3480; baseline 0.002 -27"><span class='ocrx_word' id='word_1_257' title='bbox 92 3387 184 3453; x_wconf 89' lang='lat' dir='ltr'>cuius</span> <span class='ocrx_word' id='word_1_258' title='bbox 222 3388 292 3455; x_wconf 90' lang='lat' dir='ltr'>loco</span> <span class='ocrx_word' id='word_1_259' title='bbox 336 3416 372 3455; x_wconf 84' lang='lat' dir='ltr'>ov</span> <span class='ocrx_word' id='word_1_260' title='bbox 414 3397 635 3472; x_wconf 83' lang='lat' dir='ltr'>expectamus.</span> <span class='ocrx_word' id='word_1_261' title='bbox 688 3392 844 3458; x_wconf 79' lang='lat' dir='ltr'>Forsitan</span> <span class='ocrx_word' id='word_1_262' title='bbox 878 3391 1034 3480; x_wconf 89' lang='lat' dir='ltr'>rhapsodi</span> <span class='ocrx_word' id='word_1_263' title='bbox 1075 3391 1294 3478; x_wconf 70' lang='grc' dir='ltr'><em>ἀ’νιοφοὺλιος</em></span> 
     </span>
     <span class='ocr_line' id='line_1_32' title="bbox 92 3491 1294 3579; baseline 0.002 -22"><span class='ocrx_word' id='word_1_264' title='bbox 92 3491 281 3574; x_wconf 86' lang='lat' dir='ltr'>primarium</span> <span class='ocrx_word' id='word_1_265' title='bbox 319 3492 526 3564; x_wconf 83' lang='lat' dir='ltr'>informem</span> <span class='ocrx_word' id='word_1_266' title='bbox 567 3514 653 3561; x_wconf 92' lang='lat' dir='ltr'>nunc</span> <span class='ocrx_word' id='word_1_267' title='bbox 694 3496 862 3579; x_wconf 87' lang='lat' dir='ltr'>volgatam</span> <span class='ocrx_word' id='word_1_268' title='bbox 904 3494 1104 3562; x_wconf 70' lang='lat' dir='ltr'>detorserunt</span> <span class='ocrx_word' id='word_1_269' title='bbox 1141 3495 1294 3578; x_wconf 79' lang='lat' dir='ltr'>analogIa</span> 
     </span>
     <span class='ocr_line' id='line_1_33' title="bbox 92 3596 1292 3687; baseline 0.002 -25"><span class='ocrx_word' id='word_1_270' title='bbox 92 3596 247 3665; x_wconf 86' lang='lat' dir='ltr'>adiectivi</span> <span class='ocrx_word' id='word_1_271' title='bbox 285 3596 460 3687; x_wconf 75' lang='grc' dir='ltr'><em>ἀνεμώλιος</em></span> <span class='ocrx_word' id='word_1_272' title='bbox 498 3598 751 3686; x_wconf 66' lang='grc' dir='ltr'><em>(μεταμώλιοςῗ)</em></span> <span class='ocrx_word' id='word_1_273' title='bbox 791 3599 941 3667; x_wconf 88' lang='lat' dir='ltr'>commoti</span> <span class='ocrx_word' id='word_1_274' title='bbox 975 3599 1066 3665; x_wconf 90' lang='lat' dir='ltr'>cuius</span> <span class='ocrx_word' id='word_1_275' title='bbox 1104 3599 1193 3664; x_wconf 90' lang='lat' dir='ltr'>notio</span> <span class='ocrx_word' id='word_1_276' title='bbox 1228 3618 1292 3665; x_wconf 90' lang='lat' dir='ltr'>non</span> 
     </span>
     <span class='ocr_line' id='line_1_34' title="bbox 91 3700 360 3769; baseline 0.007 -3"><span class='ocrx_word' id='word_1_277' title='bbox 91 3700 225 3767; x_wconf 89' lang='lat' dir='ltr'>nimium</span> <span class='ocrx_word' id='word_1_278' title='bbox 247 3701 360 3769; x_wconf 89' lang='lat' dir='ltr'>distat.</span> 
     </span>
    </p>
   </div>
   <div class='ocr_carea' id='block_1_7' title="bbox 88 3891 1291 4571">
    <p class='ocr_par' dir='ltr' id='par_1_11' title="bbox 88 3891 1291 4571">
     <span class='ocr_line' id='line_1_35' title="bbox 164 3891 1290 3963; baseline 0 -17"><span class='ocrx_word' id='word_1_279' title='bbox 164 3894 182 3955; x_wconf 81' lang='grc' dir='ltr'>ι1</span> <span class='ocrx_word' id='word_1_280' title='bbox 202 3894 369 3962; x_wconf 72' lang='lat' dir='ltr'>dnopullaoc</span> <span class='ocrx_word' id='word_1_281' title='bbox 387 3907 422 3948; x_wconf 87' lang='lat' dir='ltr'>ex</span> <span class='ocrx_word' id='word_1_282' title='bbox 441 3894 501 3949; x_wconf 76' lang='lat' dir='ltr'>dno&#39;</span> <span class='ocrx_word' id='word_1_283' title='bbox 525 3900 554 3948; x_wconf 86' lang='lat' dir='ltr'>et</span> <span class='ocrx_word' id='word_1_284' title='bbox 579 3895 680 3963; x_wconf 78' lang='grc' dir='ltr'><em>ὄφελος</em></span> <span class='ocrx_word' id='word_1_285' title='bbox 708 3892 889 3962; x_wconf 84' lang='lat' dir='ltr'>compositum</span> <span class='ocrx_word' id='word_1_286' title='bbox 917 3899 1030 3948; x_wconf 84' lang='lat' dir='ltr'>censent</span> <span class='ocrx_word' id='word_1_287' title='bbox 1056 3891 1088 3946; x_wconf 89' lang='lat' dir='ltr'>L.</span> <span class='ocrx_word' id='word_1_288' title='bbox 1108 3892 1203 3961; x_wconf 84' lang='lat' dir='ltr'>Meyer</span> <span class='ocrx_word' id='word_1_289' title='bbox 1228 3891 1290 3960; x_wconf 83' lang='lat' dir='ltr'>Vgl.</span> 
     </span>
     <span class='ocr_line' id='line_1_36' title="bbox 91 3974 1290 4048; baseline 0.002 -16"><span class='ocrx_word' id='word_1_290' title='bbox 91 3978 139 4036; x_wconf 83' lang='lat' dir='ltr'>Gr.</span> <span class='ocrx_word' id='word_1_291' title='bbox 158 3979 263 4032; x_wconf 80' lang='grc'><strong>11119.</strong></span> <span class='ocrx_word' id='word_1_292' title='bbox 292 3979 317 4032; x_wconf 83' lang='lat'>1¹</span> <span class='ocrx_word' id='word_1_293' title='bbox 336 3984 394 4034; x_wconf 84' lang='grc'>288.</span> <span class='ocrx_word' id='word_1_294' title='bbox 431 3980 488 4034; x_wconf 88' lang='grc' dir='ltr'>ΒΒ.</span> <span class='ocrx_word' id='word_1_295' title='bbox 510 3980 631 4034; x_wconf 79' lang='grc'><strong>1111314</strong></span> <span class='ocrx_word' id='word_1_296' title='bbox 657 3979 715 4046; x_wconf 85' lang='lat' dir='ltr'>(ubi</span> <span class='ocrx_word' id='word_1_297' title='bbox 740 3985 832 4034; x_wconf 84' lang='lat' dir='ltr'>tamen</span> <span class='ocrx_word' id='word_1_298' title='bbox 855 3979 975 4048; x_wconf 80' lang='lat' dir='ltr'>dubitat)</span> <span class='ocrx_word' id='word_1_299' title='bbox 1000 3977 1069 4032; x_wconf 79' lang='lat' dir='ltr'>Ficlr</span> <span class='ocrx_word' id='word_1_300' title='bbox 1097 3976 1193 4048; x_wconf 84' lang='lat' dir='ltr'>Odyss.</span> <span class='ocrx_word' id='word_1_301' title='bbox 1222 3974 1290 4034; x_wconf 76' lang='lat' dir='ltr'>ade&#39;</span> 
     </span>
     <span class='ocr_line' id='line_1_37' title="bbox 93 4071 1289 4228; baseline -0.002 -21"><span class='ocrx_word' id='word_1_302' title='bbox 93 4071 142 4119; x_wconf 59' lang='grc'>182</span> <span class='ocrx_word' id='word_1_303' title='bbox 160 4072 283 4222; x_wconf 44' lang='grc'><strong>1133111</strong></span> <span class='ocrx_word' id='word_1_304' title='bbox 302 4169 394 4208; x_wconf 88' lang='lat' dir='ltr'>rerum</span> <span class='ocrx_word' id='word_1_305' title='bbox 413 4153 562 4222; x_wconf 84' lang='lat' dir='ltr'>scriptores</span> <span class='ocrx_word' id='word_1_306' title='bbox 586 4155 700 4228; x_wconf 76' lang='grc' dir='ltr'>ιῐχρεῑος</span> <span class='ocrx_word' id='word_1_307' title='bbox 725 4155 867 4228; x_wconf 69' lang='grc' dir='ltr'>ἄχρηστος</span> <span class='ocrx_word' id='word_1_308' title='bbox 893 4152 927 4207; x_wconf 88' lang='lat' dir='ltr'>de</span> <span class='ocrx_word' id='word_1_309' title='bbox 951 4151 1084 4207; x_wconf 88' lang='lat' dir='ltr'>militibus</span> <span class='ocrx_word' id='word_1_310' title='bbox 1108 4151 1145 4207; x_wconf 86' lang='lat' dir='ltr'>ad</span> <span class='ocrx_word' id='word_1_311' title='bbox 1168 4167 1289 4219; x_wconf 79' lang='lat' dir='ltr'>pugnem</span> 
     </span>
     <span class='ocr_line' id='line_1_38' title="bbox 89 4239 1291 4314; baseline 0.001 -20"><span class='ocrx_word' id='word_1_312' title='bbox 89 4239 233 4296; x_wconf 80' lang='lat' dir='ltr'>inutilibus</span> <span class='ocrx_word' id='word_1_313' title='bbox 259 4240 417 4307; x_wconf 76' lang='lat' dir='ltr'>(Rehdantz</span> <span class='ocrx_word' id='word_1_314' title='bbox 442 4240 479 4296; x_wconf 81' lang='lat' dir='ltr'>ad</span> <span class='ocrx_word' id='word_1_315' title='bbox 504 4240 630 4311; x_wconf 91' lang='lat' dir='ltr'>Xenoph.</span> <span class='ocrx_word' id='word_1_316' title='bbox 656 4240 746 4298; x_wconf 82' lang='lat' dir='ltr'>Anab.</span> <span class='ocrx_word' id='word_1_317' title='bbox 773 4239 798 4292; x_wconf 87' lang='lat' dir='ltr'><strong>V</strong></span> <span class='ocrx_word' id='word_1_318' title='bbox 821 4247 846 4308; x_wconf 78' lang='grc'>1,</span> <span class='ocrx_word' id='word_1_319' title='bbox 870 4240 923 4308; x_wconf 80' lang='grc'><strong>21).</strong></span> <span class='ocrx_word' id='word_1_320' title='bbox 958 4240 1068 4313; x_wconf 72' lang='grc' dir='ltr'><em>γέροντ’</em></span> <span class='ocrx_word' id='word_1_321' title='bbox 1087 4242 1205 4314; x_wconf 78' lang='grc' dir='ltr'><em>α’χρεῑον</em></span> <span class='ocrx_word' id='word_1_322' title='bbox 1224 4239 1291 4296; x_wconf 81' lang='lat' dir='ltr'>Eur.</span> 
     </span>
     <span class='ocr_line' id='line_1_39' title="bbox 88 4328 1289 4489; baseline -0.004 -18"><span class='ocrx_word' id='word_1_323' title='bbox 88 4328 303 4486; x_wconf 50' lang='lat' dir='ltr'>Her⁰;)fg‡p2}:</span> <span class='ocrx_word' id='word_1_324' title='bbox 324 4419 466 4489; x_wconf 72' lang='grc' dir='ltr'>χρήσιμος</span> <span class='ocrx_word' id='word_1_325' title='bbox 490 4415 573 4484; x_wconf 90' lang='lat' dir='ltr'>Soph.</span> <span class='ocrx_word' id='word_1_326' title='bbox 599 4416 641 4474; x_wconf 82' lang='lat' dir='ltr'>Ai.</span> <span class='ocrx_word' id='word_1_327' title='bbox 667 4422 718 4469; x_wconf 83' lang='grc'>110</span> <span class='ocrx_word' id='word_1_328' title='bbox 750 4415 796 4471; x_wconf 90' lang='lat' dir='ltr'>ubi</span> <span class='ocrx_word' id='word_1_329' title='bbox 813 4432 837 4469; x_wconf 88' lang='lat' dir='ltr'>r.</span> <span class='ocrx_word' id='word_1_330' title='bbox 868 4413 1169 4472; x_wconf 79' lang='lat' dir='ltr'>Schneidewin-Nauck</span> <span class='ocrx_word' id='word_1_331' title='bbox 1187 4412 1289 4480; x_wconf 78' lang='lat' dir='ltr'>(Plaut.</span> 
     </span>
     <span class='ocr_line' id='line_1_40' title="bbox 89 4501 947 4571; baseline 0.009 -17"><span class='ocrx_word' id='word_1_332' title='bbox 89 4501 188 4556; x_wconf 85' lang='lat' dir='ltr'>Bacch.</span> <span class='ocrx_word' id='word_1_333' title='bbox 208 4501 289 4569; x_wconf 81' lang='lat' dir='ltr'>frgm.</span> <span class='ocrx_word' id='word_1_334' title='bbox 311 4510 322 4556; x_wconf 92' lang='lat' dir='ltr'>l</span> <span class='ocrx_word' id='word_1_335' title='bbox 342 4501 457 4570; x_wconf 79' lang='lat' dir='ltr'>‘Quibus</span> <span class='ocrx_word' id='word_1_336' title='bbox 475 4503 612 4569; x_wconf 79' lang='lat' dir='ltr'>ingenium</span> <span class='ocrx_word' id='word_1_337' title='bbox 632 4503 659 4555; x_wconf 91' lang='lat' dir='ltr'>in</span> <span class='ocrx_word' id='word_1_338' title='bbox 679 4504 772 4557; x_wconf 88' lang='lat' dir='ltr'>animo</span> <span class='ocrx_word' id='word_1_339' title='bbox 791 4502 859 4558; x_wconf 82' lang='lat' dir='ltr'>utile</span> <span class='ocrx_word' id='word_1_340' title='bbox 877 4503 947 4571; x_wconf 89' lang='lat' dir='ltr'>est&#39;).</span> 
     </span>
    </p>
   </div>
   <div class='ocr_carea' id='block_1_8' title="bbox 1075 4591 1138 4655">
    <p class='ocr_par' dir='ltr' id='par_1_12' title="bbox 1075 4591 1138 4655">
     <span class='ocr_line' id='line_1_41' title="bbox 1075 4591 1138 4655; baseline 0 0"><span class='ocrx_word' id='word_1_341' title='bbox 1075 4591 1138 4655; x_wconf 85' lang='lat'>16*</span> 
     </span>
    </p>
   </div>
   <div class='ocr_carea' id='block_1_9' title="bbox 0 0 1482 5040">
    <p class='ocr_par' dir='ltr' id='par_1_13' title="bbox 0 0 1482 5040">
     <span class='ocr_line' id='line_1_42' title="bbox 0 0 1482 5040; baseline 0 3"><span class='ocrx_word' id='word_1_342' title='bbox 0 0 1482 5040; x_wconf 95' lang='lat' dir='ltr'> </span> 
     </span>
    </p>
   </div>
  </div>
 </body>
</html>
