2956 5018
692 209 927 273 -436-

208 399 346 479 habent
385 399 479 463 modo
512 399 583 464 iure
617 404 731 463 sextae
766 397 832 463 arsi
866 397 1030 462 licentiam
1064 397 1154 461 illam
1188 396 1404 461 tribuerimus.

209 501 330 565 Verum
354 501 528 581 occupavit
551 502 689 566 Ahrens.

296 601 392 687 α’ᾶγές
416 612 432 667 1
455 607 520 668 uis
543 610 653 684 potest
676 604 807 668 defendi
830 603 863 667 iu
887 603 1139 693 Homer0341mn
1164 601 1243 666 item
1268 603 1405 667 aoristus

209 709 286 795 ἐάγη
310 719 346 776 Λ
368 714 432 775 559

435 815 537 878 νωθής,
558 802 579 881 ᾧ
598 811 629 877 dr)
651 809 738 865 notat
760 817 823 881 περὶ
845 809 961 881 [induat
982 812 1076 879 ιῖμφὶς
1096 811 1176 878 (clyp.

201 915 288 1003 [ἄγη
304 918 461 981 habemus
478 920 509 980 Γ
518 918 592 980 361.
618 918 741 994 11801,
764 912 861 998 μέγα
884 920 917 980 A
931 917 1004 994 214,
1030 911 1127 999 Isdyp
1146 920 1181 979 Ν
1197 917 1270 980 162.
1297 919 1404 982 Prior.

207 1024 328 1101 nhsso,
361 1017 456 1105 &sitq
480 1020 632 1100 fotium
663 1025 739 1083 cett.
773 1021 851 1083 13er
881 1018 998 1103 (Cobet
1026 1019 1117 1083 Misc.
1142 1019 1214 1084 crit.
1247 1023 1309 1085 271
1336 1023 1404 1102 so).

206 1125 273 1190 Nec
290 1123 452 1190 sufficiunt
468 1142 551 1202 quae
571 1122 704 1187 disserit
719 1122 800 1186 Fick
817 1122 884 1186 ΒΒ.
901 1123 948 1185 IV
968 1125 1025 1186 lii
1052 1128 1085 1186 et
1108 1108 1224 1203 parum
1241 1122 1321 1187 mihi
1337 1143 1403 1203 pro-

205 1231 327 1293 bantur
350 1227 556 1292 coniecturae
575 1226 841 1308 Wackernagelii
858 1224 944 1311 cippi
956 1223 1056 1315 [εάγῃ
1071 1226 1152 1309 (ΒΒ.
1167 1227 1213 1290 IV
1227 1227 1340 1309 2111))
1352 1235 1405 1292 aut

206 1330 326 1396 Sittelii
356 1331 462 1416 έὰχθη
487 1330 617 1413 (Philol.
641 1329 828 1393 XXXXIII
853 1329 918 1412 21).
965 1330 1092 1394 Nodum
1122 1347 1187 1393 non
1219 1330 1320 1396 soluit
1351 1331 1405 1395 sed

205 1434 331 1500 dissicit
354 1433 553 1499 Rutheriord
584 1434 626 1498 ad
656 1433 831 1510 Rubrii,
856 1435 876 1495 9
908 1431 1051 1497 ‘atticam
1081 1432 1318 1497 recensionem’
1342 1433 1404 1497 oui-

204 1557 296 1618 pens
333 1538 382 1601 Nc
398 1536 470 1617 quis
488 1566 507 1601 α
524 1537 716 1617 productum
733 1534 842 1600 atticis
866 1535 977 1599 formis
995 1537 1149 1620 κατᾶγεέη
1165 1536 1223 1600 Ar.
1238 1537 1320 1600 Ach.
1334 1539 1404 1610 944,

204 1647 341 1730 κατᾱγῇς
370 1640 409 1703 fr.
434 1643 498 1705 604
521 1641 538 1703 Ι
561 1640 683 1719 544Κ,
714 1641 908 1724 κατᾶγεέσης
938 1639 1036 1703 Babr.
1061 1639 1081 1702 l.
1105 1639 1126 1702 l.
1151 1676 1192 1685 -
1217 1658 1301 1718 quas
1333 1658 1403 1704 con·

205 1745 365 1811 tractione
396 1764 436 1810 ex
466 1752 618 1829 uurdfhy.
643 1751 740 1809 natas
770 1743 1024 1826 (Wackernagel
1053 1742 1120 1807 ΚΖ.
1144 1743 1299 1808 XXVIII
1331 1747 1405 1828 131)

204 1848 323 1914 iniuria
346 1848 551 1929 addubitant,
576 1867 692 1914 versus
715 1850 777 1915 hv.
802 1850 865 1912 928
889 1853 1062 1928 conmptus
1080 1884 1118 1893 ——
1136 1848 1240 1912 tutari
1263 1849 1404 1913 animum

202 1952 338 2018 inducat
374 1951 429 2018 vix
464 1957 570 2017 metus
608 1959 668 2017 est.
715 1952 822 2033 Igitur
859 1971 957 2017 unium
988 1957 1140 2032 superest
1173 1957 1211 2017 ut
1241 1951 1404 2018 Ahrensio

203 2055 424 2120 assentiamur
445 2055 591 2120 ultimam
615 2056 724 2119 sedem
748 2055 927 2120 excusanti.

289 2159 425 2236 κέονται,
457 2159 542 2237 quod
566 2177 695 2239 semper
717 2158 750 2222 in
775 2158 864 2222 exitu
897 2177 1050 2224 versuum
1074 2159 1170 2240 legi²)
1202 2159 1320 2224 mhum
1344 2168 1404 2240 est

203 2262 397 2343 praesertim
427 2262 455 2326 si
492 2262 707 2327 recentiorum
736 2281 828 2326 usum
859 2263 1044 2343 respexeris
1075 2262 1157 2327 alias
1188 2282 1320 2343 quoque
1347 2265 1403 2328 ad·

203 2366 400 2430 mittentium
431 2364 540 2448 (Arat.
563 2369 638 2431 457.
670 2367 730 2449 Qu.
756 2366 819 2430 Sin.
845 2367 897 2430 ΙΠ
930 2369 993 2430 728
1023 2366 1118 2446 βαιὸν
1147 2365 1261 2431 <incede
1293 2369 1403 2433 κέοκτο

202 2469 277 2551 nepa*
305 2468 423 2549 νέκυν),
455 2467 519 2531 iam
554 2468 699 2532 Nauokio
728 2468 943 2549 suspicionem
973 2469 1074 2534 movit
1103 2488 1167 2534 non
1200 2469 1270 2534 sine
1302 2490 1403 2536 causa

201 2571 406 2652 gravissima.
463 2571 605 2635 Verbum
645 2571 728 2636 enim
771 2586 877 2653 κεῖμαι
921 2571 1071 2650 quemvis
1112 2572 1268 2652 frequens
1314 2577 1401 2655 apud

201 2675 378 2740 Homerum
402 2676 490 2740 nullo
522 2676 592 2739 loco
621 2713 660 2721 —-
689 2682 827 2756 excepta
857 2675 928 2739 sola
958 2694 1053 2754 quam
1084 2675 1179 2738 modo
1210 2694 1401 2743 commemo·

200 2778 272 2845 ravi
302 2779 406 2843 forma
433 2782 557 2844 κέονται
594 2817 634 2824 -
667 2780 709 2844 ad
733 2780 916 2860 analogiam
944 2784 1117 2847 verborum
1149 2782 1402 2849 thematicorum

200 2882 388 2967 deflectiti)
411 2884 443 2947 id
467 2884 553 2962 quod
577 2921 617 2929 -
642 2884 739 2947 etiam
763 2884 795 2948 in
819 2882 997 2950 indicativo
1022 2921 1061 2929 -
1085 2884 1217 2964 saepius
1241 2887 1402 2952 accidisse

200 2986 319 3050 dicitur
333 2987 420 3066 apud
441 2987 522 3050 alios
538 2987 714 3067 scriptores
736 2987 864 3051 Ionicos
881 2989 1026 3072 (Loheok
1042 2989 1155 3053 Rhem.
1175 2993 1224 3054 14.
1243 2991 1402 3056 Kuehner

199 3089 230 3152 1²
254 3093 335 3171 6643
360 3090 399 3153 cf.
424 3090 553 3154 Ahrens
577 3091 758 3174 11346).'¹)
791 3093 837 3155 At
859 3091 1017 3157 medelam
1042 3093 1080 3156 V.
1098 3093 1144 3157 ci.
1162 3093 1313 3158 adhibuit
1336 3114 1399 3159 non

271 3244 289 3309 ¹)
308 3241 410 3296 Locum
435 3245 601 3298 homericum
627 3246 752 3300 imitatur
771 3244 913 3299 Choerilus
933 3253 956 3314 9,
980 3254 988 3299 1
1011 3247 1092 3300 Kink.
1112 3253 1163 3301 210
1183 3251 1276 3318 α’μᾳὶς
1298 3252 1399 3318 ἐαγός

198 3335 228 3380 at
255 3327 318 3380 hinc
347 3327 380 3381 de
408 3330 524 3384 lectione
552 3331 672 3397 genuina
700 3331 768 3384 nihii
794 3333 863 3384 certi
888 3332 991 3386 elicias.
1027 3333 1189 3400 Apollonius
1214 3335 1341 3388 Rhodius
1361 3336 1399 3387 IV

200 3422 265 3468 1686
285 3416 439 3485 (ἐξαγεῖσα)
457 3425 548 3468 utrum
575 3416 705 3469 homerici
732 3415 801 3487 hipp
831 3433 934 3470 memor
962 3417 1046 3472 suerit
1073 3434 1108 3471 an
1134 3419 1210 3472 attici
1237 3424 1397 3491 καταγῆναι

196 3503 339 3562 incertum.

266 3593 642 3653 ²)xo10‚tccl.naaa,

267 3678 287 3738 ⁸)
307 3676 377 3730 Nam
399 3683 515 3730 κέσκετο
534 3690 588 3729 non
608 3692 642 3730 ex
662 3679 806 3732 *κεέακετο
829 3678 902 3744 (doh.
922 3677 1046 3731 Schmidt
1065 3678 1121 3732 KZ.
1141 3678 1233 3733 XXVI
1252 3686 1324 3749 381),
1349 3683 1398 3737 sed

196 3779 229 3817 ex
248 3762 406 3830 incorrupto
426 3764 564 3817 *κεέσκετο
584 3762 745 3819 ducendum.
779 3767 930 3819 Activum
951 3765 1041 3834 κέωω
1067 3765 1165 3820 diversi
1183 3783 1297 3834 prorsus
1316 3786 1399 3837 pera-

195 3849 333 3917 digmatis.

266 3937 288 4005 ⁴)
308 3937 390 4004 Apud
408 3936 579 3992 Herodotum
598 3949 694 4008 κεῖμαι
720 3943 853 4007 κειμένας
876 3940 975 3991 ἐκέατο
999 3949 1087 3992 κεῖται
1110 3946 1139 3994 ct
1161 3946 1256 3995 κέεται
1280 3953 1396 3999 κεῖσθαι

194 4031 221 4079 et·
249 4031 366 4078 κέεσθαι
395 4022 543 4077 traduntur
569 4023 693 4091 (Bredow
719 4029 777 4082 329.
803 4025 873 4091 311).
911 4030 1003 4078 κέεται
1036 4031 1153 4079 κέεσθαι
1183 4027 1280 4093 procul
1313 4030 1397 4085 dubio

193 4109 433 4176 grammaticorum
452 4109 563 4164 inventa
582 4117 646 4163 suni
672 4110 718 4178 qui
737 4119 849 4165 κεῖσθαι
870 4121 959 4165 κεῖται
984 4111 1057 4165 male
1075 4127 1124 4180 pro
1143 4116 1293 4170 contractis
1313 4117 1397 4172 habe·

192 4195 268 4250 bant.
307 4198 409 4250 Veram
439 4196 640 4263 diphthongum
675 4196 738 4250 huic
771 4197 853 4251 verbo
885 4198 974 4252 inesse
1005 4205 1035 4253 et
1064 4199 1139 4254 tituli
1166 4204 1260 4270 graeci
1285 4205 1397 4274 docent,

199 4283 232 4336 cs.
254 4284 344 4337 cauer
368 4284 396 4340 C.
416 4283 493 4340 Stnd.
512 4284 579 4337 VIII
598 4289 656 4338 250.
688 4284 784 4354 Smyth
809 4291 850 4339 ΕΙ
872 4291 911 4343 lo.
942 4286 1152 4345 dorminnac
1173 4291 1208 4343 ‘E
1230 4306 1282 4357 pro
1306 4312 1332 4348 ει
1358 4294 1396 4365 [in

201 4373 335 4441 έᾳεέλαο
354 4369 431 4439 εἴσω]
452 4372 685 4438 praetermeat.
705 4368 757 4438 leg.
776 4379 845 4439 gont.
865 4372 891 4424 11
913 4377 924 4423 1
945 4372 1171 4442 κα]τακεέμενοκ.
1201 4376 1279 4431 Nihil
1297 4390 1397 4436 contra

195 4458 269 4511 valet
287 4458 374 4527 κὲμαι
394 4457 493 4513 Kaibel
512 4473 552 4512 nr.
572 4464 605 4511 90
625 4458 712 4526 (iuxta
731 4463 818 4530 εέχει).
