<?xml version="1.0" encoding="UTF-8"?>
<!DOCTYPE html PUBLIC "-//W3C//DTD XHTML 1.0 Transitional//EN"
    "http://www.w3.org/TR/xhtml1/DTD/xhtml1-transitional.dtd">
<html xmlns="http://www.w3.org/1999/xhtml" xml:lang="en" lang="en">
 <head>
  <title>
</title>
<meta http-equiv="Content-Type" content="text/html;charset=utf-8" />
  <meta name='ocr-system' content='tesseract 3.04.00' />
  <meta name='ocr-capabilities' content='ocr_page ocr_carea ocr_par ocr_line ocrx_word'/>
</head>
<body>
  <div class='ocr_page' id='page_1' title='image "./quaestionesepca00schugoog_0514.png"; bbox 0 0 2964 5018; ppageno 0'>
   <div class='ocr_carea' id='block_1_1' title="bbox 542 197 778 260">
    <p class='ocr_par' dir='ltr' id='par_1_1' title="bbox 542 197 778 260">
     <span class='ocr_line' id='line_1_1' title="bbox 542 197 778 260; baseline 0.004 -1"><span class='ocrx_word' id='word_1_1' title='bbox 542 197 688 260; x_wconf 74' lang='lat'>-501</span> <span class='ocrx_word' id='word_1_2' title='bbox 739 234 778 242; x_wconf 82' lang='lat'><em>-</em></span> 
     </span>
    </p>
   </div>
   <div class='ocr_carea' id='block_1_2' title="bbox 60 384 1264 457">
    <p class='ocr_par' dir='ltr' id='par_1_2' title="bbox 60 384 1264 457">
     <span class='ocr_line' id='line_1_2' title="bbox 60 384 1264 457; baseline 0.008 -10"><span class='ocrx_word' id='word_1_3' title='bbox 60 386 172 449; x_wconf 83' lang='lat' dir='ltr'>Verba</span> <span class='ocrx_word' id='word_1_4' title='bbox 213 390 290 449; x_wconf 92' lang='lat' dir='ltr'>snnt</span> <span class='ocrx_word' id='word_1_5' title='bbox 327 384 479 448; x_wconf 77' lang='lat' dir='ltr'><strong>Hectoris</strong></span> <span class='ocrx_word' id='word_1_6' title='bbox 518 384 637 450; x_wconf 86' lang='lat' dir='ltr'>Heleni</span> <span class='ocrx_word' id='word_1_7' title='bbox 670 385 761 450; x_wconf 89' lang='lat' dir='ltr'>iussu</span> <span class='ocrx_word' id='word_1_8' title='bbox 803 393 940 453; x_wconf 90' lang='lat' dir='ltr'>matrem</span> <span class='ocrx_word' id='word_1_9' title='bbox 982 390 1187 456; x_wconf 78' lang='lat' dir='ltr'>adhortantis</span> <span class='ocrx_word' id='word_1_10' title='bbox 1227 400 1264 457; x_wconf 93' lang='lat' dir='ltr'>ut</span> 
     </span>
    </p>
   </div>
   <div class='ocr_carea' id='block_1_3' title="bbox 59 487 1261 657">
    <p class='ocr_par' dir='ltr' id='par_1_3' title="bbox 59 487 1261 657">
     <span class='ocr_line' id='line_1_3' title="bbox 59 487 1261 582; baseline 0.006 -29"><span class='ocrx_word' id='word_1_11' title='bbox 59 487 216 553; x_wconf 76' lang='lat' dir='ltr'>comitata</span> <span class='ocrx_word' id='word_1_12' title='bbox 245 500 315 564; x_wconf 83' lang='grc' dir='ltr'><strong><em>ταῖς</em></strong></span> <span class='ocrx_word' id='word_1_13' title='bbox 345 499 489 570; x_wconf 78' lang='grc' dir='ltr'><strong><em>γεραιοῖς</em></strong></span> <span class='ocrx_word' id='word_1_14' title='bbox 519 487 701 556; x_wconf 79' lang='lat' dir='ltr'>Minervam</span> <span class='ocrx_word' id='word_1_15' title='bbox 734 491 864 556; x_wconf 69' lang='grc' dir='ltr'><strong><em>θυέεσσι</em></strong></span> <span class='ocrx_word' id='word_1_16' title='bbox 897 494 1003 582; x_wconf 83' lang='grc' dir='ltr'><strong><em>αέαλρν</em></strong></span> <span class='ocrx_word' id='word_1_17' title='bbox 1033 499 1111 560; x_wconf 74' lang='lat' dir='ltr'>volo</span> <span class='ocrx_word' id='word_1_18' title='bbox 1143 497 1261 577; x_wconf 75' lang='lat' dir='ltr'>placet.</span> 
     </span>
     <span class='ocr_line' id='line_1_4' title="bbox 60 592 473 657; baseline 0.002 -1"><span class='ocrx_word' id='word_1_19' title='bbox 60 592 198 657; x_wconf 89' lang='lat' dir='ltr'>Hecuba</span> <span class='ocrx_word' id='word_1_20' title='bbox 218 592 293 657; x_wconf 86' lang='lat' dir='ltr'>liliis</span> <span class='ocrx_word' id='word_1_21' title='bbox 317 594 473 657; x_wconf 79' lang='lat' dir='ltr'>obsecuta</span> 
     </span>
    </p>
   </div>
   <div class='ocr_carea' id='block_1_4' title="bbox 58 696 1261 1375">
    <p class='ocr_par' dir='ltr' id='par_1_4' title="bbox 58 696 1261 1375">
     <span class='ocr_line' id='line_1_5' title="bbox 270 696 1261 769; baseline 0.011 -21"><span class='ocrx_word' id='word_1_22' title='bbox 270 696 303 764; x_wconf 67' lang='lat' dir='ltr'>po}</span> <span class='ocrx_word' id='word_1_23' title='bbox 323 701 396 749; x_wconf 70' lang='grc' dir='ltr'><strong><em>ἰέναι</em></strong></span> <span class='ocrx_word' id='word_1_24' title='bbox 417 725 448 732; x_wconf 84' lang='lat'>—·</span> <span class='ocrx_word' id='word_1_25' title='bbox 469 699 567 748; x_wconf 71' lang='lat' dir='ltr'>nollet</span> <span class='ocrx_word' id='word_1_26' title='bbox 590 697 618 747; x_wconf 67' lang='grc' dir='ltr'>δὲ</span> <span class='ocrx_word' id='word_1_27' title='bbox 638 700 845 764; x_wconf 73' lang='grc' dir='ltr'><strong><em>μετεσσεύοντο</em></strong></span> <span class='ocrx_word' id='word_1_28' title='bbox 866 707 978 769; x_wconf 74' lang='grc' dir='ltr'><strong><em>γεραιαί</em></strong></span> <span class='ocrx_word' id='word_1_29' title='bbox 1001 731 1027 738; x_wconf 93' lang='grc'>-</span> <span class='ocrx_word' id='word_1_30' title='bbox 1211 710 1261 758; x_wconf 70' lang='grc'><strong>2116</strong></span> 
     </span>
     <span class='ocr_line' id='line_1_6' title="bbox 60 783 1261 872; baseline 0.007 -23"><span class='ocrx_word' id='word_1_31' title='bbox 60 790 96 849; x_wconf 89' lang='lat' dir='ltr'>et</span> <span class='ocrx_word' id='word_1_32' title='bbox 129 783 292 848; x_wconf 88' lang='lat' dir='ltr'>sacerdoti</span> <span class='ocrx_word' id='word_1_33' title='bbox 326 783 408 848; x_wconf 89' lang='lat' dir='ltr'>deae</span> <span class='ocrx_word' id='word_1_34' title='bbox 447 785 565 848; x_wconf 74' lang='grc' dir='ltr'><strong><em>σέσιλον</em></strong></span> <span class='ocrx_word' id='word_1_35' title='bbox 599 804 718 866; x_wconf 90' lang='lat' dir='ltr'>pompa</span> <span class='ocrx_word' id='word_1_36' title='bbox 752 793 961 868; x_wconf 76' lang='lat' dir='ltr'>apportatum</span> <span class='ocrx_word' id='word_1_37' title='bbox 995 790 1133 856; x_wconf 83' lang='lat' dir='ltr'>tradidit</span> <span class='ocrx_word' id='word_1_38' title='bbox 1166 811 1261 872; x_wconf 89' lang='lat' dir='ltr'>quem</span> 
     </span>
     <span class='ocr_line' id='line_1_7' title="bbox 60 887 1261 977; baseline 0.005 -23"><span class='ocrx_word' id='word_1_39' title='bbox 60 889 237 954; x_wconf 84' lang='lat' dir='ltr'>collocaret</span> <span class='ocrx_word' id='word_1_40' title='bbox 271 887 447 973; x_wconf 71' lang='grc' dir='ltr'><strong><em>Ἀθηναίης</em></strong></span> <span class='ocrx_word' id='word_1_41' title='bbox 484 890 538 953; x_wconf 67' lang='grc' dir='ltr'><strong><em>ἑσι·</em></strong></span> <span class='ocrx_word' id='word_1_42' title='bbox 574 889 727 972; x_wconf 81' lang='grc' dir='ltr'><strong><em>γούνασιν</em></strong></span> <span class='ocrx_word' id='word_1_43' title='bbox 766 890 918 975; x_wconf 72' lang='grc' dir='ltr'>ἠυκόμοιο</span> <span class='ocrx_word' id='word_1_44' title='bbox 957 892 1002 977; x_wconf 87' lang='lat' dir='ltr'>(v.</span> <span class='ocrx_word' id='word_1_45' title='bbox 1038 894 1126 977; x_wconf 79' lang='lat'><strong>303).</strong></span> <span class='ocrx_word' id='word_1_46' title='bbox 1184 897 1261 976; x_wconf 86' lang='lat' dir='ltr'>Ipse</span> 
     </span>
     <span class='ocr_line' id='line_1_8' title="bbox 58 991 1261 1080; baseline 0.007 -23"><span class='ocrx_word' id='word_1_47' title='bbox 58 993 184 1057; x_wconf 77' lang='lat' dir='ltr'>Hector</span> <span class='ocrx_word' id='word_1_48' title='bbox 206 997 340 1072; x_wconf 88' lang='lat' dir='ltr'>peracto</span> <span class='ocrx_word' id='word_1_49' title='bbox 370 993 456 1072; x_wconf 91' lang='lat' dir='ltr'>quod</span> <span class='ocrx_word' id='word_1_50' title='bbox 487 991 517 1057; x_wconf 89' lang='lat' dir='ltr'>ei</span> <span class='ocrx_word' id='word_1_51' title='bbox 546 992 651 1058; x_wconf 84' lang='lat' dir='ltr'>frater</span> <span class='ocrx_word' id='word_1_52' title='bbox 680 995 898 1062; x_wconf 89' lang='lat' dir='ltr'>mandaverat</span> <span class='ocrx_word' id='word_1_53' title='bbox 927 997 1058 1078; x_wconf 82' lang='lat' dir='ltr'>negotio</span> <span class='ocrx_word' id='word_1_54' title='bbox 1088 1005 1261 1080; x_wconf 87' lang='lat' dir='ltr'>postquam</span> 
     </span>
     <span class='ocr_line' id='line_1_9' title="bbox 59 1096 1260 1181; baseline 0.007 -21"><span class='ocrx_word' id='word_1_55' title='bbox 59 1096 284 1161; x_wconf 85' lang='lat' dir='ltr'>Alexandrum</span> <span class='ocrx_word' id='word_1_56' title='bbox 308 1096 393 1161; x_wconf 89' lang='lat' dir='ltr'>dorni</span> <span class='ocrx_word' id='word_1_57' title='bbox 416 1103 604 1164; x_wconf 88' lang='lat' dir='ltr'>versantem</span> <span class='ocrx_word' id='word_1_58' title='bbox 628 1099 670 1163; x_wconf 93' lang='lat' dir='ltr'>ad</span> <span class='ocrx_word' id='word_1_59' title='bbox 694 1118 836 1181; x_wconf 83' lang='lat' dir='ltr'>pugnam</span> <span class='ocrx_word' id='word_1_60' title='bbox 866 1100 988 1167; x_wconf 86' lang='lat' dir='ltr'>excivit</span> <span class='ocrx_word' id='word_1_61' title='bbox 1010 1102 1260 1169; x_wconf 84' lang='lat' dir='ltr'>Andromachen</span> 
     </span>
     <span class='ocr_line' id='line_1_10' title="bbox 59 1199 1259 1293; baseline 0.007 -28"><span class='ocrx_word' id='word_1_62' title='bbox 59 1200 235 1267; x_wconf 76' lang='lat' dir='ltr'>convenire</span> <span class='ocrx_word' id='word_1_63' title='bbox 258 1202 338 1281; x_wconf 80' lang='lat' dir='ltr'>Vult,</span> <span class='ocrx_word' id='word_1_64' title='bbox 363 1201 421 1266; x_wconf 82' lang='lat' dir='ltr'>Sed</span> <span class='ocrx_word' id='word_1_65' title='bbox 447 1199 615 1265; x_wconf 65' lang='lat' dir='ltr'>odcdvl&#39;ov</span> <span class='ocrx_word' id='word_1_66' title='bbox 638 1200 788 1282; x_wconf 72' lang='grc' dir='ltr'><strong><em>ἀμύμονα</em></strong></span> <span class='ocrx_word' id='word_1_67' title='bbox 814 1206 928 1283; x_wconf 81' lang='grc' dir='ltr'><em>τέτμεν</em></span> <span class='ocrx_word' id='word_1_68' title='bbox 952 1205 1073 1269; x_wconf 77' lang='grc' dir='ltr'><strong><em>ἄκοιτιν</em></strong></span> <span class='ocrx_word' id='word_1_69' title='bbox 1096 1206 1142 1289; x_wconf 87' lang='lat' dir='ltr'>(v.</span> <span class='ocrx_word' id='word_1_70' title='bbox 1164 1208 1259 1293; x_wconf 76' lang='grc'>374);</span> 
     </span>
     <span class='ocr_line' id='line_1_11' title="bbox 59 1304 909 1375; baseline 0.004 -6"><span class='ocrx_word' id='word_1_71' title='bbox 59 1304 246 1370; x_wconf 85' lang='lat' dir='ltr'>sciscitatur</span> <span class='ocrx_word' id='word_1_72' title='bbox 270 1324 310 1370; x_wconf 85' lang='lat' dir='ltr'>ox</span> <span class='ocrx_word' id='word_1_73' title='bbox 334 1305 460 1371; x_wconf 88' lang='lat' dir='ltr'>ancillis</span> <span class='ocrx_word' id='word_1_74' title='bbox 482 1305 613 1371; x_wconf 89' lang='lat' dir='ltr'>ubinam</span> <span class='ocrx_word' id='word_1_75' title='bbox 638 1325 720 1373; x_wconf 85' lang='lat' dir='ltr'>uxor</span> <span class='ocrx_word' id='word_1_76' title='bbox 742 1313 909 1375; x_wconf 87' lang='lat' dir='ltr'>versetur:</span> 
     </span>
    </p>
   </div>
   <div class='ocr_carea' id='block_1_5' title="bbox 338 1408 1260 1654">
    <p class='ocr_par' dir='ltr' id='par_1_5' title="bbox 338 1408 1260 1654">
     <span class='ocr_line' id='line_1_12' title="bbox 340 1408 1260 1482; baseline 0.005 -19"><span class='ocrx_word' id='word_1_77' title='bbox 340 1412 371 1475; x_wconf 70' lang='lat'>›2’6</span> <span class='ocrx_word' id='word_1_78' title='bbox 391 1430 428 1475; x_wconf 79' lang='grc' dir='ltr'>ττη</span> <span class='ocrx_word' id='word_1_79' title='bbox 449 1412 476 1468; x_wconf 73' lang='grc' dir='ltr'><strong><em>ἐς</em></strong></span> <span class='ocrx_word' id='word_1_80' title='bbox 495 1411 607 1480; x_wconf 79' lang='grc' dir='ltr'><strong><em>γαλόων</em></strong></span> <span class='ocrx_word' id='word_1_81' title='bbox 625 1408 649 1475; x_wconf 66' lang='lat' dir='ltr'>n&#39;*</span> <span class='ocrx_word' id='word_1_82' title='bbox 669 1416 820 1482; x_wconf 66' lang='grc' dir='ltr'><strong><em>εἰνατέρων</em></strong></span> <span class='ocrx_word' id='word_1_83' title='bbox 840 1415 988 1466; x_wconf 66' lang='grc' dir='ltr'><strong><em>ε’σσίαλων</em></strong></span> <span class='ocrx_word' id='word_1_84' title='bbox 1209 1419 1260 1468; x_wconf 83' lang='grc'>318</span> 
     </span>
     <span class='ocr_line' id='line_1_13' title="bbox 338 1496 1016 1569; baseline 0.004 -23"><span class='ocrx_word' id='word_1_85' title='bbox 338 1496 361 1562; x_wconf 69' lang='grc' dir='ltr'>οἷ’</span> <span class='ocrx_word' id='word_1_86' title='bbox 382 1500 409 1557; x_wconf 75' lang='grc' dir='ltr'><strong><em>ἐς</em></strong></span> <span class='ocrx_word' id='word_1_87' title='bbox 429 1500 577 1562; x_wconf 72' lang='grc' dir='ltr'>Ἀθηναίης</span> <span class='ocrx_word' id='word_1_88' title='bbox 597 1496 744 1567; x_wconf 70' lang='grc' dir='ltr'><strong><em>ἐξοίχεται,</em></strong></span> <span class='ocrx_word' id='word_1_89' title='bbox 770 1500 841 1550; x_wconf 69' lang='grc' dir='ltr'><strong><em>ἔνθα</em></strong></span> <span class='ocrx_word' id='word_1_90' title='bbox 861 1515 914 1569; x_wconf 75' lang='grc' dir='ltr'>περ</span> <span class='ocrx_word' id='word_1_91' title='bbox 935 1500 1016 1551; x_wconf 76' lang='grc' dir='ltr'><strong><em>ἄλλοι</em></strong></span> 
     </span>
     <span class='ocr_line' id='line_1_14' title="bbox 341 1582 1050 1654; baseline 0.001 -17"><span class='ocrx_word' id='word_1_92' title='bbox 341 1591 432 1654; x_wconf 77' lang='grc' dir='ltr'><strong><em>Τρῳαὶ</em></strong></span> <span class='ocrx_word' id='word_1_93' title='bbox 454 1586 630 1652; x_wconf 78' lang='grc' dir='ltr'><strong><em>ἐυπλόκαμοι</em></strong></span> <span class='ocrx_word' id='word_1_94' title='bbox 650 1582 763 1654; x_wconf 64' lang='grc' dir='ltr'><strong><em>ὅγεινίγν</em></strong></span> <span class='ocrx_word' id='word_1_95' title='bbox 781 1583 853 1639; x_wconf 78' lang='grc' dir='ltr'><strong><em>θεὸν</em></strong></span> <span class='ocrx_word' id='word_1_96' title='bbox 872 1586 1050 1650; x_wconf 70' lang='grc' dir='ltr'>ἱλάσκονται,Ι</span> 
     </span>
    </p>
   </div>
   <div class='ocr_carea' id='block_1_6' title="bbox 56 1672 1341 4059">
    <p class='ocr_par' dir='ltr' id='par_1_6' title="bbox 56 1672 1341 4059">
     <span class='ocr_line' id='line_1_15' title="bbox 59 1672 1260 1757; baseline 0.002 -18"><span class='ocrx_word' id='word_1_97' title='bbox 59 1676 150 1757; x_wconf 79' lang='lat' dir='ltr'>Ergo</span> <span class='ocrx_word' id='word_1_98' title='bbox 183 1673 330 1740; x_wconf 84' lang='lat' dir='ltr'>licuisset</span> <span class='ocrx_word' id='word_1_99' title='bbox 364 1673 613 1737; x_wconf 84' lang='lat' dir='ltr'>Andromachae</span> <span class='ocrx_word' id='word_1_100' title='bbox 644 1672 671 1736; x_wconf 90' lang='lat' dir='ltr'>si</span> <span class='ocrx_word' id='word_1_101' title='bbox 705 1672 832 1738; x_wconf 89' lang='lat' dir='ltr'>animus</span> <span class='ocrx_word' id='word_1_102' title='bbox 861 1673 910 1739; x_wconf 90' lang='lat' dir='ltr'>ita</span> <span class='ocrx_word' id='word_1_103' title='bbox 944 1674 1075 1739; x_wconf 86' lang='lat' dir='ltr'>tulisset</span> <span class='ocrx_word' id='word_1_104' title='bbox 1104 1676 1260 1742; x_wconf 87' lang='lat' dir='ltr'>accedere</span> 
     </span>
     <span class='ocr_line' id='line_1_16' title="bbox 59 1777 1259 1862; baseline 0 -17"><span class='ocrx_word' id='word_1_105' title='bbox 59 1799 194 1845; x_wconf 86' lang='lat' dir='ltr'>numero</span> <span class='ocrx_word' id='word_1_106' title='bbox 240 1784 302 1843; x_wconf 78' lang='grc' dir='ltr'>τῶν</span> <span class='ocrx_word' id='word_1_107' title='bbox 345 1777 480 1862; x_wconf 77' lang='grc' dir='ltr'><strong><em>γεραιῶν</em></strong></span> <span class='ocrx_word' id='word_1_108' title='bbox 522 1796 606 1857; x_wconf 89' lang='lat' dir='ltr'>quae</span> <span class='ocrx_word' id='word_1_109' title='bbox 648 1777 795 1859; x_wconf 80' lang='lat' dir='ltr'>reginam</span> <span class='ocrx_word' id='word_1_110' title='bbox 838 1779 1036 1844; x_wconf 90' lang='lat' dir='ltr'>comitantur</span> <span class='ocrx_word' id='word_1_111' title='bbox 1075 1778 1108 1843; x_wconf 94' lang='lat' dir='ltr'>in</span> <span class='ocrx_word' id='word_1_112' title='bbox 1152 1799 1259 1845; x_wconf 88' lang='lat' dir='ltr'>arcem</span> 
     </span>
     <span class='ocr_line' id='line_1_17' title="bbox 59 1881 1262 1966; baseline 0.002 -17"><span class='ocrx_word' id='word_1_113' title='bbox 59 1883 333 1966; x_wconf 86' lang='lat' dir='ltr'>escendentem.¹)</span> <span class='ocrx_word' id='word_1_114' title='bbox 384 1882 485 1962; x_wconf 83' lang='lat' dir='ltr'>Atqui</span> <span class='ocrx_word' id='word_1_115' title='bbox 515 1881 668 1947; x_wconf 86' lang='lat' dir='ltr'>Hectoris</span> <span class='ocrx_word' id='word_1_116' title='bbox 703 1901 784 1946; x_wconf 86' lang='lat' dir='ltr'>uxor</span> <span class='ocrx_word' id='word_1_117' title='bbox 818 1883 930 1963; x_wconf 87' lang='lat' dir='ltr'>procul</span> <span class='ocrx_word' id='word_1_118' title='bbox 965 1883 1063 1948; x_wconf 88' lang='lat' dir='ltr'>dubio</span> <span class='ocrx_word' id='word_1_119' title='bbox 1092 1903 1156 1949; x_wconf 90' lang='lat' dir='ltr'>non</span> <span class='ocrx_word' id='word_1_120' title='bbox 1188 1891 1262 1951; x_wconf 88' lang='lat' dir='ltr'>erat</span> 
     </span>
     <span class='ocr_line' id='line_1_18' title="bbox 58 1985 1260 2070; baseline 0 -17"><span class='ocrx_word' id='word_1_121' title='bbox 58 1988 206 2054; x_wconf 88' lang='lat' dir='ltr'>vetula</span> <span class='ocrx_word' id='word_1_122' title='bbox 230 1986 265 2068; x_wconf 90' lang='lat'>(=</span> <span class='ocrx_word' id='word_1_123' title='bbox 287 1985 387 2070; x_wconf 74' lang='grc' dir='ltr'><strong><em>γοούς</em></strong></span> <span class='ocrx_word' id='word_1_124' title='bbox 410 1985 500 2051; x_wconf 86' lang='lat' dir='ltr'>cuius</span> <span class='ocrx_word' id='word_1_125' title='bbox 524 2005 740 2068; x_wconf 84' lang='lat' dir='ltr'>synonymum</span> <span class='ocrx_word' id='word_1_126' title='bbox 769 2005 841 2051; x_wconf 87' lang='lat' dir='ltr'>esse</span> <span class='ocrx_word' id='word_1_127' title='bbox 865 1988 999 2069; x_wconf 75' lang='grc' dir='ltr'><strong><em>γεραιαί</em></strong></span> <span class='ocrx_word' id='word_1_128' title='bbox 1016 1986 1092 2052; x_wconf 91' lang='lat' dir='ltr'>inde</span> <span class='ocrx_word' id='word_1_129' title='bbox 1116 2008 1136 2053; x_wconf 89' lang='lat' dir='ltr'>a</span> <span class='ocrx_word' id='word_1_130' title='bbox 1159 1988 1260 2053; x_wconf 88' lang='lat' dir='ltr'>Snida</span> 
     </span>
     <span class='ocr_line' id='line_1_19' title="bbox 57 2089 1260 2174; baseline 0 -16"><span class='ocrx_word' id='word_1_131' title='bbox 57 2091 281 2173; x_wconf 78' lang='lat' dir='ltr'>lexicographi</span> <span class='ocrx_word' id='word_1_132' title='bbox 311 2091 450 2174; x_wconf 79' lang='lat' dir='ltr'>volunt).</span> <span class='ocrx_word' id='word_1_133' title='bbox 497 2089 741 2155; x_wconf 82' lang='lat' dir='ltr'>Consectarium</span> <span class='ocrx_word' id='word_1_134' title='bbox 773 2095 884 2155; x_wconf 90' lang='lat' dir='ltr'>estut</span> <span class='ocrx_word' id='word_1_135' title='bbox 913 2095 1048 2174; x_wconf 72' lang='grc' dir='ltr'><strong><em>γεραιαί</em></strong></span> <span class='ocrx_word' id='word_1_136' title='bbox 1071 2091 1160 2157; x_wconf 88' lang='lat' dir='ltr'>alind</span> <span class='ocrx_word' id='word_1_137' title='bbox 1184 2093 1260 2172; x_wconf 92' lang='lat' dir='ltr'>qnid</span> 
     </span>
     <span class='ocr_line' id='line_1_20' title="bbox 58 2193 1259 2279; baseline -0.001 -17"><span class='ocrx_word' id='word_1_138' title='bbox 58 2196 243 2279; x_wconf 81' lang='lat' dir='ltr'>significare</span> <span class='ocrx_word' id='word_1_139' title='bbox 266 2201 325 2260; x_wconf 92' lang='lat' dir='ltr'>ant</span> <span class='ocrx_word' id='word_1_140' title='bbox 354 2195 459 2260; x_wconf 88' lang='lat' dir='ltr'>lahem</span> <span class='ocrx_word' id='word_1_141' title='bbox 489 2193 629 2259; x_wconf 84' lang='lat' dir='ltr'>traxisse</span> <span class='ocrx_word' id='word_1_142' title='bbox 658 2197 859 2274; x_wconf 80' lang='lat' dir='ltr'>statuamus3</span> <span class='ocrx_word' id='word_1_143' title='bbox 895 2213 990 2274; x_wconf 92' lang='lat' dir='ltr'>qnam</span> <span class='ocrx_word' id='word_1_144' title='bbox 1022 2195 1259 2261; x_wconf 90' lang='lat' dir='ltr'>conclusionem</span> 
     </span>
     <span class='ocr_line' id='line_1_21' title="bbox 58 2296 1257 2383; baseline -0.002 -17"><span class='ocrx_word' id='word_1_145' title='bbox 58 2301 250 2381; x_wconf 90' lang='lat' dir='ltr'>comprobat</span> <span class='ocrx_word' id='word_1_146' title='bbox 271 2298 344 2378; x_wconf 90' lang='lat' dir='ltr'>ipsa</span> <span class='ocrx_word' id='word_1_147' title='bbox 367 2296 500 2361; x_wconf 91' lang='lat' dir='ltr'>Homeri</span> <span class='ocrx_word' id='word_1_148' title='bbox 523 2297 734 2376; x_wconf 86' lang='lat' dir='ltr'>consuetudo,</span> <span class='ocrx_word' id='word_1_149' title='bbox 767 2317 850 2378; x_wconf 88' lang='lat' dir='ltr'>quae</span> <span class='ocrx_word' id='word_1_150' title='bbox 874 2299 995 2363; x_wconf 91' lang='lat' dir='ltr'>nomini</span> <span class='ocrx_word' id='word_1_151' title='bbox 1018 2300 1146 2383; x_wconf 78' lang='grc' dir='ltr'><strong><em>γεραιός</em></strong></span> <span class='ocrx_word' id='word_1_152' title='bbox 1170 2300 1257 2365; x_wconf 87' lang='lat' dir='ltr'>femi·</span> 
     </span>
     <span class='ocr_line' id='line_1_22' title="bbox 59 2401 1260 2489; baseline -0.002 -19"><span class='ocrx_word' id='word_1_153' title='bbox 59 2405 169 2470; x_wconf 90' lang='lat' dir='ltr'>ninum</span> <span class='ocrx_word' id='word_1_154' title='bbox 193 2401 289 2489; x_wconf 72' lang='grc' dir='ltr'><strong><em>γρηὺς</em></strong></span> <span class='ocrx_word' id='word_1_155' title='bbox 313 2401 392 2488; x_wconf 88' lang='lat' dir='ltr'>(non</span> <span class='ocrx_word' id='word_1_156' title='bbox 415 2401 543 2488; x_wconf 68' lang='grc' dir='ltr'><strong><em>γεραοᾷ)</em></strong></span> <span class='ocrx_word' id='word_1_157' title='bbox 575 2401 732 2486; x_wconf 67' lang='lat' dir='ltr'>thonit&#39;)</span> <span class='ocrx_word' id='word_1_158' title='bbox 778 2401 927 2468; x_wconf 86' lang='lat' dir='ltr'>Suboluit</span> <span class='ocrx_word' id='word_1_159' title='bbox 949 2403 1072 2484; x_wconf 90' lang='lat' dir='ltr'>aliquid</span> <span class='ocrx_word' id='word_1_160' title='bbox 1103 2404 1260 2470; x_wconf 81' lang='lat' dir='ltr'>veritam</span> 
     </span>
     <span class='ocr_line' id='line_1_23' title="bbox 59 2506 1258 2592; baseline -0.002 -18"><span class='ocrx_word' id='word_1_161' title='bbox 59 2509 225 2574; x_wconf 72' lang='lat' dir='ltr'>veteribus</span> <span class='ocrx_word' id='word_1_162' title='bbox 263 2508 316 2588; x_wconf 79' lang='lat' dir='ltr'>(llll</span> <span class='ocrx_word' id='word_1_163' title='bbox 353 2507 486 2592; x_wconf 75' lang='grc' dir='ltr'><strong><em>μεριστάς</em></strong></span> <span class='ocrx_word' id='word_1_164' title='bbox 522 2507 784 2588; x_wconf 69' lang='lat' dir='ltr'>interpretantur</span> <span class='ocrx_word' id='word_1_165' title='bbox 820 2506 875 2584; x_wconf 74' lang='grc' dir='ltr'><strong><em>τὰς</em></strong></span> <span class='ocrx_word' id='word_1_166' title='bbox 913 2508 1010 2592; x_wconf 76' lang='grc' dir='ltr'><strong><em>γέρας</em></strong></span> <span class='ocrx_word' id='word_1_167' title='bbox 1050 2537 1077 2573; x_wconf 82' lang='grc' dir='ltr'><strong><em>τι</em></strong></span> <span class='ocrx_word' id='word_1_168' title='bbox 1118 2508 1258 2592; x_wconf 76' lang='grc' dir='ltr'><strong><em>ἐχούσας</em></strong></span> 
     </span>
     <span class='ocr_line' id='line_1_24' title="bbox 57 2609 1256 2698; baseline -0.001 -21"><span class='ocrx_word' id='word_1_169' title='bbox 57 2624 210 2698; x_wconf 82' lang='grc' dir='ltr'><strong><em>γυναῖκας</em></strong></span> <span class='ocrx_word' id='word_1_170' title='bbox 233 2633 258 2677; x_wconf 82' lang='lat' dir='ltr'>s.</span> <span class='ocrx_word' id='word_1_171' title='bbox 284 2609 340 2688; x_wconf 76' lang='grc' dir='ltr'><strong><em>τὰς</em></strong></span> <span class='ocrx_word' id='word_1_172' title='bbox 365 2613 483 2695; x_wconf 75' lang='grc' dir='ltr'><strong><em>ἱερείας</em></strong></span> <span class='ocrx_word' id='word_1_173' title='bbox 508 2610 734 2692; x_wconf 68' lang='grc' dir='ltr'><strong><em>προπολοίισας</em></strong></span> <span class='ocrx_word' id='word_1_174' title='bbox 758 2611 850 2676; x_wconf 74' lang='lat' dir='ltr'>velut</span> <span class='ocrx_word' id='word_1_175' title='bbox 865 2612 1015 2692; x_wconf 78' lang='lat' dir='ltr'>Apollffll.</span> <span class='ocrx_word' id='word_1_176' title='bbox 1033 2612 1130 2693; x_wconf 82' lang='lat' dir='ltr'>SOpll.</span> <span class='ocrx_word' id='word_1_177' title='bbox 1148 2615 1200 2693; x_wconf 72' lang='lat'>54,</span> <span class='ocrx_word' id='word_1_178' title='bbox 1216 2615 1256 2676; x_wconf 70' lang='grc'>22</span> 
     </span>
     <span class='ocr_line' id='line_1_25' title="bbox 57 2716 1257 2804; baseline 0.001 -22"><span class='ocrx_word' id='word_1_179' title='bbox 57 2716 97 2802; x_wconf 48' lang='grc' dir='ltr'>(ν</span> <span class='ocrx_word' id='word_1_180' title='bbox 121 2718 279 2804; x_wconf 89' lang='lat' dir='ltr'>Hesych.)</span> <span class='ocrx_word' id='word_1_181' title='bbox 309 2718 397 2783; x_wconf 93' lang='lat' dir='ltr'>nullo</span> <span class='ocrx_word' id='word_1_182' title='bbox 428 2723 539 2783; x_wconf 88' lang='lat' dir='ltr'>tamen</span> <span class='ocrx_word' id='word_1_183' title='bbox 568 2716 663 2783; x_wconf 91' lang='lat' dir='ltr'>huius</span> <span class='ocrx_word' id='word_1_184' title='bbox 692 2736 770 2782; x_wconf 90' lang='lat' dir='ltr'>usus</span> <span class='ocrx_word' id='word_1_185' title='bbox 794 2718 942 2798; x_wconf 91' lang='lat' dir='ltr'>exemplo</span> <span class='ocrx_word' id='word_1_186' title='bbox 966 2717 1125 2798; x_wconf 91' lang='lat' dir='ltr'>apposito.</span> <span class='ocrx_word' id='word_1_187' title='bbox 1172 2718 1257 2801; x_wconf 80' lang='lat' dir='ltr'>Quid</span> 
     </span>
     <span class='ocr_line' id='line_1_26' title="bbox 56 2820 1256 2908; baseline -0.001 -19"><span class='ocrx_word' id='word_1_188' title='bbox 56 2823 106 2889; x_wconf 77' lang='lat' dir='ltr'>rei</span> <span class='ocrx_word' id='word_1_189' title='bbox 122 2823 174 2904; x_wconf 80' lang='lat' dir='ltr'>Sit,</span> <span class='ocrx_word' id='word_1_190' title='bbox 199 2824 306 2889; x_wconf 75' lang='lat' dir='ltr'>eludet</span> <span class='ocrx_word' id='word_1_191' title='bbox 328 2822 457 2891; x_wconf 65' lang='lat' dir='ltr'>avaria</span> <span class='ocrx_word' id='word_1_192' title='bbox 478 2822 618 2888; x_wconf 76' lang='lat' dir='ltr'>lectione</span> <span class='ocrx_word' id='word_1_193' title='bbox 641 2821 795 2908; x_wconf 77' lang='grc' dir='ltr'><strong><em>γεραιράς</em></strong></span> <span class='ocrx_word' id='word_1_194' title='bbox 812 2821 910 2906; x_wconf 81' lang='grc' dir='ltr'><strong><em>(τινὲς</em></strong></span> <span class='ocrx_word' id='word_1_195' title='bbox 932 2820 1085 2907; x_wconf 81' lang='grc' dir='ltr'><strong><em>γεραιρὰς</em></strong></span> <span class='ocrx_word' id='word_1_196' title='bbox 1102 2821 1256 2906; x_wconf 74' lang='grc' dir='ltr'><strong><em>ἀναγινώ-</em></strong></span> 
     </span>
     <span class='ocr_line' id='line_1_27' title="bbox 58 2925 1258 3012; baseline 0 -21"><span class='ocrx_word' id='word_1_197' title='bbox 58 2953 201 3007; x_wconf 86' lang='grc' dir='ltr'><strong><em>σκουσιν,</em></strong></span> <span class='ocrx_word' id='word_1_198' title='bbox 226 2930 277 2992; x_wconf 75' lang='grc' dir='ltr'>ἵνα</span> <span class='ocrx_word' id='word_1_199' title='bbox 295 2931 391 3012; x_wconf 77' lang='grc' dir='ltr'><strong><em>δηλοῖ</em></strong></span> <span class='ocrx_word' id='word_1_200' title='bbox 411 2925 467 3005; x_wconf 75' lang='grc' dir='ltr'><strong><em>τὰς</em></strong></span> <span class='ocrx_word' id='word_1_201' title='bbox 485 2928 613 3010; x_wconf 79' lang='grc' dir='ltr'><strong><em>ἱερείας,</em></strong></span> <span class='ocrx_word' id='word_1_202' title='bbox 639 2925 696 3005; x_wconf 82' lang='grc' dir='ltr'><strong><em>τὰς</em></strong></span> <span class='ocrx_word' id='word_1_203' title='bbox 719 2930 831 2992; x_wconf 77' lang='grc' dir='ltr'><strong><em>ἐκτῶν</em></strong></span> <span class='ocrx_word' id='word_1_204' title='bbox 855 2926 949 3008; x_wconf 77' lang='grc' dir='ltr'><strong><em>ἱερῶν</em></strong></span> <span class='ocrx_word' id='word_1_205' title='bbox 964 2928 1061 3010; x_wconf 75' lang='grc' dir='ltr'><strong><em>γέρας</em></strong></span> <span class='ocrx_word' id='word_1_206' title='bbox 1082 2927 1258 3010; x_wconf 74' lang='grc' dir='ltr'><strong><em>δεχομένας</em></strong></span> 
     </span>
     <span class='ocr_line' id='line_1_28' title="bbox 57 3029 1341 3120; baseline -0.002 -24"><span class='ocrx_word' id='word_1_207' title='bbox 57 3033 158 3097; x_wconf 82' lang='lat' dir='ltr'>schol.</span> <span class='ocrx_word' id='word_1_208' title='bbox 183 3033 240 3097; x_wconf 84' lang='grc' dir='ltr'>ΒΤ</span> <span class='ocrx_word' id='word_1_209' title='bbox 264 3039 295 3097; x_wconf 91' lang='grc' dir='ltr'>Ζ</span> <span class='ocrx_word' id='word_1_210' title='bbox 311 3036 362 3098; x_wconf 78' lang='grc'>87.</span> <span class='ocrx_word' id='word_1_211' title='bbox 386 3061 435 3118; x_wconf 87' lang='grc' dir='ltr'><strong><em>γρ.</em></strong></span> <span class='ocrx_word' id='word_1_212' title='bbox 460 3032 516 3097; x_wconf 77' lang='grc' dir='ltr'>καί</span> <span class='ocrx_word' id='word_1_213' title='bbox 537 3032 690 3116; x_wconf 79' lang='grc' dir='ltr'><strong><em>γεραιράς</em></strong></span> <span class='ocrx_word' id='word_1_214' title='bbox 712 3031 858 3096; x_wconf 79' lang='lat' dir='ltr'>scholD</span> <span class='ocrx_word' id='word_1_215' title='bbox 880 3037 911 3096; x_wconf 91' lang='lat' dir='ltr'><em>Z</em></span> <span class='ocrx_word' id='word_1_216' title='bbox 934 3029 1075 3120; x_wconf 70' lang='lat'>270[?]).</span> <span class='ocrx_word' id='word_1_217' title='bbox 1112 3035 1143 3096; x_wconf 86' lang='grc' dir='ltr'>Γ</span> <span class='ocrx_word' id='word_1_218' title='bbox 1140 3029 1258 3113; x_wconf 73' lang='grc' dir='ltr'><strong><em>εραρίις</em></strong></span> <span class='ocrx_word' id='word_1_219' title='bbox 1339 3104 1341 3109; x_wconf 32' lang='grc'><strong>,</strong></span> 
     </span>
     <span class='ocr_line' id='line_1_29' title="bbox 57 3134 1256 3223; baseline -0.002 -21"><span class='ocrx_word' id='word_1_220' title='bbox 57 3135 144 3202; x_wconf 90' lang='lat' dir='ltr'>enim</span> <span class='ocrx_word' id='word_1_221' title='bbox 181 3136 251 3204; x_wconf 85' lang='lat' dir='ltr'>sivo</span> <span class='ocrx_word' id='word_1_222' title='bbox 289 3138 443 3223; x_wconf 76' lang='grc' dir='ltr'><strong><em>γεροίρας</em></strong></span> <span class='ocrx_word' id='word_1_223' title='bbox 480 3136 580 3202; x_wconf 85' lang='lat' dir='ltr'>fuisse</span> <span class='ocrx_word' id='word_1_224' title='bbox 619 3135 757 3201; x_wconf 89' lang='lat' dir='ltr'>Athenis</span> <span class='ocrx_word' id='word_1_225' title='bbox 795 3137 991 3222; x_wconf 71' lang='grc' dir='ltr'><strong><em>βασιλίσσης</em></strong></span> <span class='ocrx_word' id='word_1_226' title='bbox 1025 3136 1191 3202; x_wconf 90' lang='lat' dir='ltr'>ministras</span> <span class='ocrx_word' id='word_1_227' title='bbox 1224 3134 1256 3200; x_wconf 91' lang='lat' dir='ltr'>in</span> 
     </span>
     <span class='ocr_line' id='line_1_30' title="bbox 56 3238 1258 3325; baseline -0.003 -18"><span class='ocrx_word' id='word_1_228' title='bbox 56 3240 207 3325; x_wconf 87' lang='lat' dir='ltr'>Dionysii</span> <span class='ocrx_word' id='word_1_229' title='bbox 229 3241 331 3306; x_wconf 88' lang='lat' dir='ltr'>sacris</span> <span class='ocrx_word' id='word_1_230' title='bbox 355 3239 655 3306; x_wconf 74' lang='lat' dir='ltr'>Ps,·De1nosthenis</span> <span class='ocrx_word' id='word_1_231' title='bbox 680 3245 714 3304; x_wconf 89' lang='lat' dir='ltr'>et</span> <span class='ocrx_word' id='word_1_232' title='bbox 735 3240 1039 3323; x_wconf 84' lang='lat' dir='ltr'>lexicographorum</span> <span class='ocrx_word' id='word_1_233' title='bbox 1063 3238 1258 3306; x_wconf 83' lang='lat' dir='ltr'>testimoniis</span> 
     </span>
     <span class='ocr_line' id='line_1_31' title="bbox 57 3341 1256 3429; baseline -0.003 -19"><span class='ocrx_word' id='word_1_234' title='bbox 57 3349 198 3410; x_wconf 85' lang='lat' dir='ltr'>constat.</span> <span class='ocrx_word' id='word_1_235' title='bbox 236 3345 518 3411; x_wconf 83' lang='lat' dir='ltr'>Pa-Demosthen.</span> <span class='ocrx_word' id='word_1_236' title='bbox 543 3341 624 3409; x_wconf 73' lang='lat' dir='ltr'>nard</span> <span class='ocrx_word' id='word_1_237' title='bbox 650 3345 796 3427; x_wconf 77' lang='grc' dir='ltr'><strong><em>Νεαίρας</em></strong></span> <span class='ocrx_word' id='word_1_238' title='bbox 819 3343 896 3429; x_wconf 73' lang='lat'>§96</span> <span class='ocrx_word' id='word_1_239' title='bbox 919 3345 1068 3409; x_wconf 85' lang='lat' dir='ltr'>Neaerae</span> <span class='ocrx_word' id='word_1_240' title='bbox 1091 3344 1158 3410; x_wconf 86' lang='lat' dir='ltr'>filia</span> <span class='ocrx_word' id='word_1_241' title='bbox 1180 3343 1256 3429; x_wconf 68' lang='grc' dir='ltr'><strong><em>γονὴ</em></strong></span> 
     </span>
     <span class='ocr_line' id='line_1_32' title="bbox 58 3445 1257 3535; baseline -0.002 -21"><span class='ocrx_word' id='word_1_242' title='bbox 58 3454 117 3514; x_wconf 83' lang='grc' dir='ltr'><strong><em>τοῦ</em></strong></span> <span class='ocrx_word' id='word_1_243' title='bbox 139 3450 297 3530; x_wconf 77' lang='grc' dir='ltr'><strong><em>βασιλέως</em></strong></span> <span class='ocrx_word' id='word_1_244' title='bbox 320 3449 379 3535; x_wconf 73' lang='lat' dir='ltr'>(St.</span> <span class='ocrx_word' id='word_1_245' title='bbox 397 3449 569 3535; x_wconf 72' lang='grc' dir='ltr'><strong><em>ἄρχοντος)</em></strong></span> <span class='ocrx_word' id='word_1_246' title='bbox 594 3447 759 3533; x_wconf 75' lang='grc' dir='ltr'>ἐξώρκωσε</span> <span class='ocrx_word' id='word_1_247' title='bbox 783 3445 840 3524; x_wconf 77' lang='grc' dir='ltr'><strong><em>τὰς</em></strong></span> <span class='ocrx_word' id='word_1_248' title='bbox 863 3445 1003 3531; x_wconf 77' lang='grc' dir='ltr'><strong><em>γεραρὰς</em></strong></span> <span class='ocrx_word' id='word_1_249' title='bbox 1026 3446 1066 3531; x_wconf 83' lang='lat' dir='ltr'>(S.</span> <span class='ocrx_word' id='word_1_250' title='bbox 1091 3448 1257 3532; x_wconf 84' lang='grc' dir='ltr'><strong><em>γεραίρας)</em></strong></span> 
     </span>
     <span class='ocr_line' id='line_1_33' title="bbox 58 3552 1258 3639; baseline -0.001 -20"><span class='ocrx_word' id='word_1_251' title='bbox 58 3552 117 3631; x_wconf 81' lang='grc' dir='ltr'><strong><em>τὰς</em></strong></span> <span class='ocrx_word' id='word_1_252' title='bbox 153 3554 378 3639; x_wconf 73' lang='grc' dir='ltr'><strong><em>ὑπηρετούσας</em></strong></span> <span class='ocrx_word' id='word_1_253' title='bbox 416 3568 483 3632; x_wconf 82' lang='grc' dir='ltr'><strong><em>τοῖς</em></strong></span> <span class='ocrx_word' id='word_1_254' title='bbox 522 3556 629 3635; x_wconf 75' lang='grc' dir='ltr'><strong><em>ἱεροῖς.</em></strong></span> <span class='ocrx_word' id='word_1_255' title='bbox 677 3553 751 3617; x_wconf 86' lang='grc' dir='ltr'>ΕΜ.</span> <span class='ocrx_word' id='word_1_256' title='bbox 784 3554 866 3633; x_wconf 74' lang='grc'>227,</span> <span class='ocrx_word' id='word_1_257' title='bbox 897 3555 939 3616; x_wconf 76' lang='lat'>35</span> <span class='ocrx_word' id='word_1_258' title='bbox 972 3565 1134 3636; x_wconf 84' lang='grc' dir='ltr'><strong><em>γεραῖραι·</em></strong></span> <span class='ocrx_word' id='word_1_259' title='bbox 1171 3553 1258 3635; x_wconf 77' lang='grc' dir='ltr'><strong><em>παρὰ</em></strong></span> 
     </span>
     <span class='ocr_line' id='line_1_34' title="bbox 58 3654 1257 3744; baseline -0.001 -21"><span class='ocrx_word' id='word_1_260' title='bbox 58 3658 249 3744; x_wconf 74' lang='grc' dir='ltr'><strong><em>Ἀθηναίοις</em></strong></span> <span class='ocrx_word' id='word_1_261' title='bbox 272 3660 419 3743; x_wconf 76' lang='grc' dir='ltr'><strong><em>γυναῖκές</em></strong></span> <span class='ocrx_word' id='word_1_262' title='bbox 442 3687 525 3737; x_wconf 86' lang='grc' dir='ltr'><strong><em>τινες</em></strong></span> <span class='ocrx_word' id='word_1_263' title='bbox 550 3659 637 3743; x_wconf 75' lang='grc' dir='ltr'><strong><em>ἱεραί</em></strong></span> <span class='ocrx_word' id='word_1_264' title='bbox 667 3658 705 3736; x_wconf 77' lang='grc' dir='ltr'><strong><em>ἃς</em></strong></span> <span class='ocrx_word' id='word_1_265' title='bbox 737 3657 752 3723; x_wconf 82' lang='grc' dir='ltr'>ὁ</span> <span class='ocrx_word' id='word_1_266' title='bbox 788 3654 941 3737; x_wconf 77' lang='grc' dir='ltr'><strong><em>βασιλεὺς</em></strong></span> <span class='ocrx_word' id='word_1_267' title='bbox 964 3659 1161 3743; x_wconf 75' lang='grc' dir='ltr'><strong><em>καθίστησιν</em></strong></span> <span class='ocrx_word' id='word_1_268' title='bbox 1185 3661 1257 3723; x_wconf 77' lang='grc' dir='ltr'><strong><em>ἰσα-</em></strong></span> 
     </span>
     <span class='ocr_line' id='line_1_35' title="bbox 60 3757 1258 3848; baseline 0 -20"><span class='ocrx_word' id='word_1_269' title='bbox 60 3767 198 3847; x_wconf 78' lang='grc' dir='ltr'><strong><em>ρίθμους</em></strong></span> <span class='ocrx_word' id='word_1_270' title='bbox 229 3776 297 3842; x_wconf 84' lang='grc' dir='ltr'><strong><em>τοῖς</em></strong></span> <span class='ocrx_word' id='word_1_271' title='bbox 319 3771 442 3848; x_wconf 81' lang='grc' dir='ltr'><strong><em>βωμοῖς</em></strong></span> <span class='ocrx_word' id='word_1_272' title='bbox 465 3769 522 3830; x_wconf 78' lang='grc' dir='ltr'><strong><em>τοῦ</em></strong></span> <span class='ocrx_word' id='word_1_273' title='bbox 545 3762 707 3830; x_wconf 81' lang='grc' dir='ltr'><strong><em>Διονύσον</em></strong></span> <span class='ocrx_word' id='word_1_274' title='bbox 731 3759 783 3826; x_wconf 68' lang='grc' dir='ltr'>διὰ</span> <span class='ocrx_word' id='word_1_275' title='bbox 807 3757 843 3825; x_wconf 81' lang='grc' dir='ltr'>τὸ</span> <span class='ocrx_word' id='word_1_276' title='bbox 866 3762 1029 3845; x_wconf 75' lang='grc' dir='ltr'><strong><em>γεραίρειν</em></strong></span> <span class='ocrx_word' id='word_1_277' title='bbox 1059 3759 1113 3825; x_wconf 83' lang='grc' dir='ltr'>τὸν</span> <span class='ocrx_word' id='word_1_278' title='bbox 1137 3760 1258 3848; x_wconf 60' lang='grc' dir='ltr'><strong><em>θεὸν.1)</em></strong></span> 
     </span>
     <span class='ocr_line' id='line_1_36' title="bbox 62 3866 1258 3952; baseline -0.004 -16"><span class='ocrx_word' id='word_1_279' title='bbox 62 3867 156 3936; x_wconf 55' lang='lat' dir='ltr'>Oliva</span> <span class='ocrx_word' id='word_1_280' title='bbox 187 3866 347 3945; x_wconf 85' lang='grc' dir='ltr'><strong><em>Διόνυσος</em></strong></span> <span class='ocrx_word' id='word_1_281' title='bbox 378 3868 393 3933; x_wconf 82' lang='grc' dir='ltr'><em>ὅ</em></span> <span class='ocrx_word' id='word_1_282' title='bbox 423 3866 699 3951; x_wconf 77' lang='grc' dir='ltr'><strong><em>Ἁλικαρνασσεύς</em></strong></span> <span class='ocrx_word' id='word_1_283' title='bbox 729 3866 903 3949; x_wconf 80' lang='lat' dir='ltr'>(Schwabe</span> <span class='ocrx_word' id='word_1_284' title='bbox 933 3884 964 3946; x_wconf 89' lang='lat' dir='ltr'>p.</span> <span class='ocrx_word' id='word_1_285' title='bbox 1000 3866 1060 3931; x_wconf 81' lang='grc'>135</span> <span class='ocrx_word' id='word_1_286' title='bbox 1090 3885 1139 3930; x_wconf 87' lang='lat' dir='ltr'>nr.</span> <span class='ocrx_word' id='word_1_287' title='bbox 1171 3867 1258 3952; x_wconf 82' lang='lat'>103).</span> 
     </span>
     <span class='ocr_line' id='line_1_37' title="bbox 58 3970 1259 4059; baseline -0.004 -20"><span class='ocrx_word' id='word_1_288' title='bbox 58 3974 202 4057; x_wconf 80' lang='lat' dir='ltr'>Hesych.</span> <span class='ocrx_word' id='word_1_289' title='bbox 228 3974 297 4038; x_wconf 82' lang='lat' dir='ltr'>BA.</span> <span class='ocrx_word' id='word_1_290' title='bbox 323 3976 401 4055; x_wconf 78' lang='lat'>231,</span> <span class='ocrx_word' id='word_1_291' title='bbox 426 3976 467 4038; x_wconf 75' lang='lat'>32</span> <span class='ocrx_word' id='word_1_292' title='bbox 501 3975 647 4059; x_wconf 84' lang='grc' dir='ltr'><strong><em>γεραραί·</em></strong></span> <span class='ocrx_word' id='word_1_293' title='bbox 680 3972 794 4055; x_wconf 74' lang='grc' dir='ltr'><strong><em>ἱέρειαι</em></strong></span> <span class='ocrx_word' id='word_1_294' title='bbox 831 3975 952 4046; x_wconf 79' lang='grc' dir='ltr'><strong><em>κοινῶς·</em></strong></span> <span class='ocrx_word' id='word_1_295' title='bbox 985 3970 1050 4057; x_wconf 78' lang='grc' dir='ltr'><strong><em>ἰδία</em></strong></span> <span class='ocrx_word' id='word_1_296' title='bbox 1083 3973 1116 4035; x_wconf 76' lang='lat' dir='ltr'>di</span> <span class='ocrx_word' id='word_1_297' title='bbox 1150 3971 1182 4036; x_wconf 82' lang='grc' dir='ltr'>αἱ</span> <span class='ocrx_word' id='word_1_298' title='bbox 1219 3977 1259 4058; x_wconf 79' lang='grc' dir='ltr'>τᾷ</span> 
     </span>
    </p>
   </div>
   <div class='ocr_carea' id='block_1_7' title="bbox 59 4127 1259 4549">
    <p class='ocr_par' dir='ltr' id='par_1_7' title="bbox 59 4127 1259 4271">
     <span class='ocr_line' id='line_1_38' title="bbox 132 4127 1259 4201; baseline -0.002 -18"><span class='ocrx_word' id='word_1_299' title='bbox 132 4130 151 4196; x_wconf 89' lang='lat'>¹)</span> <span class='ocrx_word' id='word_1_300' title='bbox 170 4129 286 4184; x_wconf 83' lang='lat' dir='ltr'>Praetor</span> <span class='ocrx_word' id='word_1_301' title='bbox 315 4129 434 4201; x_wconf 78' lang='grc' dir='ltr'><strong><em>γεραιὰς</em></strong></span> <span class='ocrx_word' id='word_1_302' title='bbox 462 4129 533 4184; x_wconf 79' lang='lat' dir='ltr'>alias</span> <span class='ocrx_word' id='word_1_303' title='bbox 564 4129 690 4183; x_wconf 87' lang='lat' dir='ltr'>mulieres</span> <span class='ocrx_word' id='word_1_304' title='bbox 717 4128 797 4182; x_wconf 83' lang='lat' dir='ltr'>simul</span> <span class='ocrx_word' id='word_1_305' title='bbox 826 4143 886 4181; x_wconf 86' lang='lat' dir='ltr'>curn</span> <span class='ocrx_word' id='word_1_306' title='bbox 915 4127 1011 4194; x_wconf 78' lang='lat' dir='ltr'>regina</span> <span class='ocrx_word' id='word_1_307' title='bbox 1039 4143 1128 4181; x_wconf 82' lang='lat' dir='ltr'>arcem</span> <span class='ocrx_word' id='word_1_308' title='bbox 1157 4143 1259 4195; x_wconf 81' lang='lat' dir='ltr'>pompa</span> 
     </span>
     <span class='ocr_line' id='line_1_39' title="bbox 59 4216 822 4271; baseline -0.004 0"><span class='ocrx_word' id='word_1_309' title='bbox 59 4217 161 4271; x_wconf 83' lang='lat' dir='ltr'>adiisse</span> <span class='ocrx_word' id='word_1_310' title='bbox 179 4217 283 4271; x_wconf 91' lang='lat' dir='ltr'>nullum</span> <span class='ocrx_word' id='word_1_311' title='bbox 304 4217 331 4270; x_wconf 90' lang='lat' dir='ltr'>in</span> <span class='ocrx_word' id='word_1_312' title='bbox 350 4217 463 4271; x_wconf 85' lang='lat' dir='ltr'>Homeri</span> <span class='ocrx_word' id='word_1_313' title='bbox 481 4216 604 4271; x_wconf 82' lang='lat' dir='ltr'>versibus</span> <span class='ocrx_word' id='word_1_314' title='bbox 624 4216 753 4270; x_wconf 88' lang='lat' dir='ltr'>indicium</span> <span class='ocrx_word' id='word_1_315' title='bbox 774 4224 822 4269; x_wconf 84' lang='lat' dir='ltr'>est</span> 
     </span>
    </p>

    <p class='ocr_par' dir='ltr' id='par_1_8' title="bbox 131 4299 1258 4379">
     <span class='ocr_line' id='line_1_40' title="bbox 131 4299 1258 4379; baseline -0.008 -18"><span class='ocrx_word' id='word_1_316' title='bbox 131 4310 153 4372; x_wconf 88' lang='lat'>¹)</span> <span class='ocrx_word' id='word_1_317' title='bbox 174 4307 271 4379; x_wconf 55' lang='grc' dir='ltr'><strong><em>γεραιοί</em></strong></span> <span class='ocrx_word' id='word_1_318' title='bbox 291 4304 361 4359; x_wconf 83' lang='lat' dir='ltr'>alias</span> <span class='ocrx_word' id='word_1_319' title='bbox 379 4301 452 4371; x_wconf 86' lang='lat' dir='ltr'>apud</span> <span class='ocrx_word' id='word_1_320' title='bbox 472 4305 620 4358; x_wconf 86' lang='lat' dir='ltr'>Homerum</span> <span class='ocrx_word' id='word_1_321' title='bbox 640 4318 694 4356; x_wconf 90' lang='lat' dir='ltr'>non</span> <span class='ocrx_word' id='word_1_322' title='bbox 712 4302 768 4371; x_wconf 81' lang='lat' dir='ltr'>legi</span> <span class='ocrx_word' id='word_1_323' title='bbox 785 4301 928 4356; x_wconf 81' lang='lat' dir='ltr'>adnotavit</span> <span class='ocrx_word' id='word_1_324' title='bbox 948 4302 988 4355; x_wconf 87' lang='lat' dir='ltr'>La</span> <span class='ocrx_word' id='word_1_325' title='bbox 1008 4301 1101 4354; x_wconf 86' lang='lat' dir='ltr'>Roche</span> <span class='ocrx_word' id='word_1_326' title='bbox 1119 4299 1155 4354; x_wconf 86' lang='lat' dir='ltr'>ad</span> <span class='ocrx_word' id='word_1_327' title='bbox 1174 4305 1197 4354; x_wconf 86' lang='lat' dir='ltr'><strong><em>Z</em></strong></span> <span class='ocrx_word' id='word_1_328' title='bbox 1216 4306 1258 4353; x_wconf 73' lang='lat'>87.</span> 
     </span>
    </p>

    <p class='ocr_par' dir='ltr' id='par_1_9' title="bbox 60 4386 1259 4549">
     <span class='ocr_line' id='line_1_41' title="bbox 131 4386 1259 4462; baseline -0.004 -18"><span class='ocrx_word' id='word_1_329' title='bbox 131 4393 152 4458; x_wconf 79' lang='lat'>⁸)</span> <span class='ocrx_word' id='word_1_330' title='bbox 172 4391 205 4448; x_wconf 82' lang='lat' dir='ltr'>ef.</span> <span class='ocrx_word' id='word_1_331' title='bbox 219 4391 307 4446; x_wconf 80' lang='lat' dir='ltr'>Cauer</span> <span class='ocrx_word' id='word_1_332' title='bbox 327 4397 336 4427; x_wconf 74' lang='lat'>&#39;²</span> <span class='ocrx_word' id='word_1_333' title='bbox 357 4406 397 4446; x_wconf 88' lang='lat' dir='ltr'>nr.</span> <span class='ocrx_word' id='word_1_334' title='bbox 419 4395 481 4457; x_wconf 77' lang='lat' dir='ltr'>lot,</span> <span class='ocrx_word' id='word_1_335' title='bbox 503 4395 533 4442; x_wconf 86' lang='lat'>13</span> <span class='ocrx_word' id='word_1_336' title='bbox 553 4407 610 4458; x_wconf 82' lang='lat' dir='ltr'>sqq.</span> <span class='ocrx_word' id='word_1_337' title='bbox 631 4396 732 4462; x_wconf 71' lang='grc' dir='ltr'><strong><em>χαῖρεν</em></strong></span> <span class='ocrx_word' id='word_1_338' title='bbox 751 4401 811 4449; x_wconf 78' lang='grc' dir='ltr'><strong><em>ταῖς</em></strong></span> <span class='ocrx_word' id='word_1_339' title='bbox 832 4391 997 4460; x_wconf 70' lang='grc' dir='ltr'><strong><em>ὑπηρεσίαις</em></strong></span> <span class='ocrx_word' id='word_1_340' title='bbox 1018 4390 1105 4442; x_wconf 69' lang='grc' dir='ltr'><strong><em>αὐτοῦ</em></strong></span> <span class='ocrx_word' id='word_1_341' title='bbox 1125 4388 1171 4447; x_wconf 82' lang='grc' dir='ltr'><strong><em>τὸς</em></strong></span> <span class='ocrx_word' id='word_1_342' title='bbox 1191 4386 1259 4446; x_wconf 73' lang='grc' dir='ltr'><strong><em>θεὸς</em></strong></span> 
     </span>
     <span class='ocr_line' id='line_1_42' title="bbox 60 4476 608 4549; baseline 0 -19"><span class='ocrx_word' id='word_1_343' title='bbox 60 4485 106 4531; x_wconf 80' lang='grc' dir='ltr'>καὶ</span> <span class='ocrx_word' id='word_1_344' title='bbox 129 4476 220 4537; x_wconf 62' lang='lat' dir='ltr'>dolor</span> <span class='ocrx_word' id='word_1_345' title='bbox 241 4478 287 4530; x_wconf 71' lang='grc' dir='ltr'>ὑπ’</span> <span class='ocrx_word' id='word_1_346' title='bbox 307 4478 394 4530; x_wconf 73' lang='grc' dir='ltr'><strong><em>αὐτοῦ</em></strong></span> <span class='ocrx_word' id='word_1_347' title='bbox 414 4484 608 4549; x_wconf 74' lang='grc' dir='ltr'><strong><em>γεραίρεσθαι,</em></strong></span> 
     </span>
    </p>
   </div>
   <div class='ocr_carea' id='block_1_8' title="bbox 0 0 1486 5018">
    <p class='ocr_par' dir='ltr' id='par_1_10' title="bbox 0 0 1486 5018">
     <span class='ocr_line' id='line_1_43' title="bbox 0 0 1486 5018; baseline 0 0"><span class='ocrx_word' id='word_1_348' title='bbox 0 0 1486 5018; x_wconf 95' lang='lat' dir='ltr'> </span> 
     </span>
    </p>
   </div>
  </div>
 </body>
</html>
