2940 5026
571 174 784 238 -59-

72 366 290 433 cohaerentes
321 366 388 445 (vel
417 370 522 431 totam
552 366 728 451 actionem)
759 364 981 447 designandas
1005 369 1118 445 aptum
1142 362 1273 435 evadat.

73 471 175 537 Velut
197 470 367 536 immolare
389 469 521 553 proprie
553 476 605 536 est
633 470 761 536 hostiae
791 469 909 534 molam
932 486 1123 551 aspergere,
1149 470 1275 534 abusu

72 581 185 643 autem
208 577 252 643 ad
274 575 440 642 notionem
463 575 568 658 magis
591 575 810 643 universalem
833 572 1046 655 translatum3
1070 593 1146 639 nam
1168 572 1275 639 molae

72 681 222 764 aspersio
246 699 324 763 pars
347 680 506 746 sacrificii.
546 681 639 764 Quae
661 679 689 744 si
711 684 801 744 recte
824 684 903 744 sunt
924 678 1101 761 disputata,
1128 677 1275 763 αὐερύειν

72 785 205 869 proprie
220 784 307 851 idem
324 784 411 865 quod
427 783 492 851 ἄνω
510 782 735 872 ἀναστρέφειν,
760 781 883 849 ἀνελεῖν
898 784 988 850 valet
1004 790 1039 849 et
1054 788 1132 866 apte
1155 783 1275 849 dicitur

71 889 127 976 (ci.
151 917 172 973 y
193 888 274 974 452)
298 888 340 954 de
361 888 435 971 ipsa
450 888 559 955 hostia
580 888 648 955 ictu
662 888 752 954 humi
774 887 982 973 prostrata.¹)
1018 886 1165 974 αὗερὺειι
1188 890 1274 970 quod

71 994 168 1061 modo
199 998 252 1060 est
283 997 327 1072 εἰς
359 991 503 1060 τούπίσω
533 995 634 1060 ἕλκειν
664 993 759 1059 modo
791 991 856 1057 ἄνω
888 990 1104 1080 ἀναστρέφειν
1112 1046 1120 1074 ,
1152 992 1275 1060 ἀνελεῖν

72 1098 137 1166 ἀπὸ
159 1098 282 1185 χθονός
312 1099 444 1166 aliunde
475 1101 594 1167 ducere
624 1102 734 1168 nescio
767 1118 864 1180 quam
898 1100 940 1165 ab
973 1099 1163 1182 incorrupto
1198 1099 1272 1166 *dv-

71 1205 213 1291 )τερίιεινς
240 1204 300 1270 ἀνά
324 1205 411 1271 enim
432 1205 603 1286 utriusque
625 1205 812 1272 intellectus
835 1221 975 1285 compos.
1022 1203 1116 1287 Quod
1140 1205 1272 1288 egregie

73 1310 284 1378 conlimatur
314 1309 422 1376 atticis
454 1309 617 1396 ἀναρρύει·
650 1309 769 1397 σφάζει
800 1309 872 1374 θύει
909 1308 988 1374 Hes.
1028 1327 1090 1390 quo
1129 1309 1271 1392 Eupolin

76 1433 169 1480 nsum
196 1434 269 1481 esse
302 1412 375 1480 ἀντὶ
404 1419 462 1481 τοῦ
492 1416 583 1482 θύειν
616 1415 671 1480 καί
706 1414 862 1499 σφάττειν
895 1412 1013 1479 Suidas
1043 1413 1207 1497 perhibet,
1239 1421 1274 1480 et

80 1516 249 1603 ἀνάρρυσις
271 1518 402 1585 nomine
418 1520 474 1586 nni
497 1538 538 1586 ex
560 1519 665 1585 tribus
682 1518 916 1601 Apaturiorum
940 1518 1005 1586 diei
1026 1518 1111 1585 festo
1135 1522 1176 1586 ob
1199 1539 1271 1586 earn

75 1644 205 1692 caumm
238 1624 356 1709 indito,
392 1625 479 1706 quod
511 1625 573 1690 hoc
606 1625 659 1690 die
694 1622 797 1690 πολλὰ
830 1624 954 1691 ἐθύετο·
986 1623 1026 1690 τὰ
1049 1624 1111 1710 γὰρ
1135 1625 1270 1706 θύματα

72 1731 199 1816 λέγεται
228 1728 460 1817 ἅναῤῥύματα,
492 1730 581 1812 παρὰ
612 1728 648 1796 τὸ
687 1727 752 1795 ἄνω
786 1730 943 1816 ε’ρυόμενα
976 1730 1120 1797 θύεσθαι
1156 1729 1269 1816 (001101.

70 1836 202 1902 Platon.
233 1835 356 1902 'limae
381 1835 471 1901 21Β.
517 1833 624 1900 Procl.
656 1833 689 1899 in
724 1835 863 1902 eundem
893 1834 987 1922 loo.);
1018 1835 1117 1901 ἔθυον
1148 1837 1182 1900 δὲ
1214 1834 1272 1899 Διὶ

71 1942 222 2029 φρατρίαν
258 1939 313 2005 κατ’
349 1938 476 2029 Ἀθηνᾷ
514 1937 627 2023 (schol.
666 1938 723 2003 Ar.
762 1937 905 2005 1101111111.
946 1938 1033 2024 146).
1087 1937 1134 2004 01.
1171 1937 1269 2003 etiam

70 2045 146 2112 ΕΜ.
164 2046 217 2126 98,
233 2046 276 2111 56
300 2041 483 2131 ἀναᾷῥυειν·
507 2043 607 2108 θύειν·
632 2040 806 2129 ἀνάρρυσις
830 2042 849 2130 ἦ
875 2045 986 2111 θυσία·
1011 2043 1120 2130 ἐπειδὴ
1137 2043 1270 2120 θύοντες

72 2148 212 2216 ἀνέκλων
234 2148 308 2227 τοὺς
339 2147 520 2235 τραχήλους
551 2152 613 2213 τῶν
643 2149 810 2231 θυομένων
839 2151 892 2215 ἕπε’
922 2147 962 2215 τὰ
994 2148 1058 2215 ἄνω
1089 2150 1268 2235 τρέποντες,

70 2254 148 2322 ibid.
165 2256 241 2336 533,
257 2256 298 2320 47
316 2272 386 2335 sqq.
426 2250 619 2338 ἀναρῥυσία·
645 2251 697 2318 διὰ
722 2252 759 2320 τὸ
783 2252 857 2333 τους
881 2253 1043 2339 ἄρχοντας
1067 2252 1270 2330 ἀνακλῶντας

71 2358 111 2425 τὰ
147 2360 249 2443 ἱερεῖα
282 2359 338 2423 καί
360 2355 426 2424 ἅνω
456 2355 610 2441 ε’ρῦοντας
640 2356 743 2422 θείειν.
779 2358 881 2423 Bekk.
906 2358 1029 2424 Anecd.
1054 2360 1130 2440 417,
1155 2360 1175 2423 6
1198 2377 1268 2440 sqq.

73 2468 111 2531 11
136 2483 185 2546 sq.
209 2464 264 2529 καί
286 2461 322 2529 τό
349 2465 382 2529 ἓν
404 2461 520 2553 Ἀρείῳ
545 2461 633 2553 rroiyqr
656 2463 800 2544 ἐσίθνμα
824 2461 1018 2546 ἐπαυάρυμα
1042 2448 1268 2545 (sensaeve-

71 2571 168 2656 ρειαί
206 2567 325 2654 Bekk.)
363 2577 518 2633 καλεῖται.
573 2566 759 2649 Explicatio
802 2587 823 2632 a
856 2566 1078 2649 grammaticis
1116 2566 1268 2649 apposita

70 2674 146 2755 (ἀπὸ
178 2679 235 2739 τοῦ
266 2670 331 2739 ἄνω
362 2671 475 2759 ἐρύειν)
507 2672 664 2755 originem
698 2677 788 2738 recte
822 2671 1022 2754 illustrasse,
1058 2691 1122 2738 non
1156 2677 1267 2739 tamen

69 2778 159 2847 vocis
193 2778 358 2844 notionem
388 2775 508 2843 Atticis
542 2776 730 2843 sollemnem
760 2776 899 2843 reddere
934 2775 1082 2859 videtur;
1117 2796 1192 2842 nam
1228 2776 1264 2843 τὸ

70 2882 222 2968 ἇναρῦειν
244 2882 352 2961 ἅπλῶς
376 2879 448 2948 ἀντί
471 2886 527 2947 τοῦ
552 2881 641 2948 θύειν
665 2882 813 2968 stipatur
836 2881 919 2948 κατὰ
949 2884 1161 2962 Παυσανίαν,
1192 2882 1267 2949 ὅθεν

70 2990 155 3075 φησί
185 2989 240 3052 καί
269 2987 290 3074 ἦ
318 2987 418 3052 θυσία
443 2983 597 3071 σῖνάρυσις
621 2984 788 3069 (Eustath.
813 2986 851 3051 Il.
877 2989 949 3069 250,
976 2987 1077 3073 16).²)
1123 2989 1169 3053 At
1190 2987 1267 3054 inde

67 3114 109 3160 ne
126 3092 298 3175 quicquam
321 3098 436 3159 contra
455 3091 740 3175 grammaticorum
756 3090 970 3172 veriloquium
986 3091 1113 3158 efficere
1129 3092 1265 3175 coneris,

66 3196 220 3281 prohibet
241 3197 376 3264 verbum
399 3197 494 3263 modo
519 3195 654 3262 allatum
677 3193 878 3259 immutandi.

141 3463 160 3530 ¹)
180 3461 295 3516 Hostiae
312 3459 431 3514 collem
446 3457 662 3525 subintellegunt
674 3456 847 3525 grammatici
863 3457 958 3525 (schol.
972 3460 1004 3510 A.
1018 3463 1047 3512 A
1058 3462 1118 3511 400.
1137 3458 1265 3516 Eustath.

66 3550 98 3602 ll.
120 3553 180 3615 104,
202 3553 247 3602 lt:
267 3547 330 3604 EM.
347 3552 403 3615 108,
423 3553 456 3600 rt
469 3562 527 3615 sqq.
553 3544 727 3614 Nhgelsbach
741 3546 820 3598 Anm.
838 3549 896 3609 151)
915 3552 943 3600 et
956 3544 1028 3599 male
1047 3546 1265 3612 interpretantur

66 3642 105 3696 ι1ς
125 3637 252 3689 rodalca
271 3636 408 3689 ιιίακλιὶν.
446 3633 518 3702 Quid
535 3646 629 3688 rerum
648 3641 733 3702 esset,
757 3630 865 3688 edoceri
883 3639 1032 3701 potuerunt
1050 3663 1083 3671 -
1107 3637 1136 3686 et
1161 3633 1266 3701 aliquot

65 3730 140 3777 certe
169 3721 323 3777 didicerunt
347 3722 379 3760 -’
405 3720 548 3789 Sophoclis
566 3734 646 3775 versu
664 3722 718 3776 iam
745 3721 781 3776 ab
807 3719 956 3775 Eustachio
982 3721 999 3777 1.
1018 3720 1036 3774 l.
1055 3736 1090 3774 ex
1111 3721 1195 3775 Aiace
1213 3727 1272 3775 298v

64 3809 154 3864 allato
183 3808 208 3877 (ὃ
227 3808 259 3876 δὴ
279 3811 446 3883 ἑρμηνεύειν
475 3809 553 3863 δοκεῖ
578 3811 726 3882 Σοφοκλῆς
746 3813 776 3865 ἐν
795 3810 840 3879 τῷ·
860 3813 920 3864 ἅνω
940 3815 1051 3877 τρέπων
1076 3809 1211 3877 ἔσφαξεν)
1237 3818 1265 3863 et

64 3898 97 3951 iis
115 3912 189 3965 qnae
208 3896 242 3950 de
262 3895 388 3950 Cumaeis
411 3903 553 3963 comperta
577 3896 730 3952 habebant:
757 3903 896 3968 Koprates
922 3898 950 3950 οὲ
978 3901 1044 3956 (θος
1071 3895 1102 3950 τὸ
1123 3899 1263 3971 ιιιῖερύειν,

64 3985 223 4038 αἰτούντων
241 3981 291 4037 τὸν
311 3981 382 4037 θεὸν
410 3981 470 4037 clud
491 3985 546 4037 rein
571 3986 647 4038 κτίται
667 3987 713 4038 ἐπὶ
742 3984 774 4038 τὰ
795 3988 856 4038 εἶναι
882 3982 984 4042 αὐτοὺς
1009 3985 1100 4039 ilum
1120 3985 1155 4054 (1)
1179 3985 1263 4040 schol.

64 4071 133 4128 Van.
152 4071 183 4124 B.
203 4068 234 4122 T.
259 4069 295 4126 ad
320 4075 349 4124 ,1
366 4077 424 4124 400.
446 4100 475 4108 -
497 4073 633 4143 αὐερύσαι
652 4096 685 4115 =
704 4075 765 4127 ἄνω
785 4074 883 4146 ἐρύσαι
901 4071 1108 4140 ‘emporziehen’
1128 4073 1217 4132 Procl.
1237 4074 1265 4132 h.

65 4167 103 4219 ια·
122 4165 182 4214 lle.
200 4161 263 4212 nol..
283 4162 324 4211 30.
344 4188 377 4195 -
396 4157 533 4225 Exempla
550 4157 625 4212 verbi
645 4160 777 4232 ιιυερύειν
800 4158 861 4214 vide
887 4155 973 4214 [lehre
999 4158 1048 4227 Qu.
1073 4175 1134 4228 epp.
1154 4166 1203 4213 111
1224 4177 1263 4230 sq.

136 4249 157 4313 ¹)
176 4244 254 4300 Pind.
268 4244 312 4300 01.
326 4243 394 4298 xlll
408 4249 442 4298 80
452 4261 492 4314 sq.
513 4240 580 4301 ὅταν
599 4245 625 4299 δ’
644 4249 813 4320 εὐρυσθενεῖ
831 4246 1000 4314 καρταίποδ’
1017 4246 1119 4323 (thequa
1134 4254 1156 4302 Γ
1154 4251 1263 4320 αἳαόχῳ

64 4334 149 4390 schol.
168 4339 242 4387 recte
260 4331 462 4397 interpretatur
479 4335 570 4407 oedip
590 4335 654 4406 θύῃ.
683 4332 725 4387 De
743 4332 860 4388 lectione
883 4334 1003 4407 (draprtp
1023 4350 1046 4386 v.
1065 4334 1094 4403 l.)
1114 4352 1167 4390 non
1185 4350 1262 4403 pror·

64 4438 108 4477 ans
128 4427 246 4478 constat.
283 4419 324 4476 De
344 4441 379 4475 ιιυ
398 4419 524 4495 correpto
542 4420 576 4473 cl.
596 4420 646 4475 lac.
667 4422 827 4494 ιιαρεῡιδών
846 4437 910 4492 pag.
930 4428 960 4477 00
981 4430 1038 4481 uot,
1061 4427 1098 4475 11.
1229 4419 1248 4435 “
