<?xml version="1.0" encoding="UTF-8"?>
<!DOCTYPE html PUBLIC "-//W3C//DTD XHTML 1.0 Transitional//EN"
    "http://www.w3.org/TR/xhtml1/DTD/xhtml1-transitional.dtd">
<html xmlns="http://www.w3.org/1999/xhtml" xml:lang="en" lang="en">
 <head>
  <title>
</title>
<meta http-equiv="Content-Type" content="text/html;charset=utf-8" />
  <meta name='ocr-system' content='tesseract 3.04.00' />
  <meta name='ocr-capabilities' content='ocr_page ocr_carea ocr_par ocr_line ocrx_word'/>
</head>
<body>
  <div class='ocr_page' id='page_1' title='image "./quaestionesepca00schugoog_0314.png"; bbox 0 0 2986 5010; ppageno 0'>
   <div class='ocr_carea' id='block_1_1' title="bbox 603 197 838 257">
    <p class='ocr_par' dir='ltr' id='par_1_1' title="bbox 603 197 838 257">
     <span class='ocr_line' id='line_1_1' title="bbox 603 197 838 257; baseline -0.004 0"><span class='ocrx_word' id='word_1_1' title='bbox 603 232 642 239; x_wconf 79' lang='lat'>—</span> <span class='ocrx_word' id='word_1_2' title='bbox 689 197 748 257; x_wconf 79' lang='grc'>301</span> <span class='ocrx_word' id='word_1_3' title='bbox 799 230 838 239; x_wconf 90' lang='grc'>-</span> 
     </span>
    </p>
   </div>
   <div class='ocr_carea' id='block_1_2' title="bbox 124 381 1328 2643">
    <p class='ocr_par' dir='ltr' id='par_1_2' title="bbox 124 381 1320 674">
     <span class='ocr_line' id='line_1_2' title="bbox 124 381 1319 465; baseline 0.001 -17"><span class='ocrx_word' id='word_1_4' title='bbox 124 391 240 465; x_wconf 90' lang='lat' dir='ltr'>sponte</span> <span class='ocrx_word' id='word_1_5' title='bbox 259 384 375 462; x_wconf 47' lang='lat' dir='ltr'>&#39;uasci,</span> <span class='ocrx_word' id='word_1_6' title='bbox 408 383 465 447; x_wconf 85' lang='lat' dir='ltr'>sed</span> <span class='ocrx_word' id='word_1_7' title='bbox 489 382 582 447; x_wconf 85' lang='lat' dir='ltr'>fluxit</span> <span class='ocrx_word' id='word_1_8' title='bbox 613 402 653 446; x_wconf 78' lang='lat' dir='ltr'>ex</span> <span class='ocrx_word' id='word_1_9' title='bbox 676 382 747 462; x_wconf 90' lang='lat' dir='ltr'>ipso</span> <span class='ocrx_word' id='word_1_10' title='bbox 777 402 917 463; x_wconf 78' lang='lat' dir='ltr'>graecae</span> <span class='ocrx_word' id='word_1_11' title='bbox 948 381 1079 463; x_wconf 81' lang='lat' dir='ltr'>liuguae</span> <span class='ocrx_word' id='word_1_12' title='bbox 1110 382 1198 447; x_wconf 84' lang='lat' dir='ltr'>iente</span> <span class='ocrx_word' id='word_1_13' title='bbox 1230 384 1319 449; x_wconf 92' lang='lat' dir='ltr'>indo-</span> 
     </span>
     <span class='ocr_line' id='line_1_3' title="bbox 124 485 1320 569; baseline -0.003 -16"><span class='ocrx_word' id='word_1_14' title='bbox 124 488 308 569; x_wconf 87' lang='lat' dir='ltr'>germauico</span> <span class='ocrx_word' id='word_1_15' title='bbox 345 486 399 569; x_wconf 85' lang='lat' dir='ltr'>(oi.</span> <span class='ocrx_word' id='word_1_16' title='bbox 430 487 551 551; x_wconf 83' lang='lat' dir='ltr'>formas</span> <span class='ocrx_word' id='word_1_17' title='bbox 581 485 791 551; x_wconf 87' lang='lat' dir='ltr'>sanseriticas</span> <span class='ocrx_word' id='word_1_18' title='bbox 821 485 853 549; x_wconf 94' lang='lat' dir='ltr'>in</span> <span class='ocrx_word' id='word_1_19' title='bbox 885 495 987 565; x_wconf 67' lang='lat' dir='ltr'>opos,</span> <span class='ocrx_word' id='word_1_20' title='bbox 1017 502 1101 564; x_wconf 84' lang='lat' dir='ltr'>quae</span> <span class='ocrx_word' id='word_1_21' title='bbox 1131 486 1259 566; x_wconf 78' lang='lat' dir='ltr'>graecis</span> <span class='ocrx_word' id='word_1_22' title='bbox 1287 488 1320 551; x_wconf 90' lang='lat' dir='ltr'>in</span> 
     </span>
     <span class='ocr_line' id='line_1_4' title="bbox 124 589 753 674; baseline -0.002 -19"><span class='ocrx_word' id='word_1_23' title='bbox 124 591 202 655; x_wconf 71' lang='lat' dir='ltr'>-iov</span> <span class='ocrx_word' id='word_1_24' title='bbox 224 591 468 656; x_wconf 78' lang='lat' dir='ltr'><strong>accuratissime</strong></span> <span class='ocrx_word' id='word_1_25' title='bbox 492 589 753 674; x_wconf 83' lang='lat' dir='ltr'>respondent.)¹)</span> 
     </span>
    </p>

    <p class='ocr_par' dir='ltr' id='par_1_3' title="bbox 125 692 1328 2643">
     <span class='ocr_line' id='line_1_5' title="bbox 211 692 1320 775; baseline -0.003 -15"><span class='ocrx_word' id='word_1_26' title='bbox 211 696 260 760; x_wconf 93' lang='lat' dir='ltr'>De</span> <span class='ocrx_word' id='word_1_27' title='bbox 282 694 378 759; x_wconf 88' lang='lat' dir='ltr'>huius</span> <span class='ocrx_word' id='word_1_28' title='bbox 401 693 506 759; x_wconf 86' lang='lat' dir='ltr'>suffixi</span> <span class='ocrx_word' id='word_1_29' title='bbox 529 698 694 775; x_wconf 72' lang='lat' dir='ltr'>potestate</span> <span class='ocrx_word' id='word_1_30' title='bbox 717 693 805 758; x_wconf 88' lang='lat' dir='ltr'>haud</span> <span class='ocrx_word' id='word_1_31' title='bbox 832 694 898 757; x_wconf 86' lang='lat' dir='ltr'>scio</span> <span class='ocrx_word' id='word_1_32' title='bbox 923 712 965 758; x_wconf 89' lang='lat' dir='ltr'>an</span> <span class='ocrx_word' id='word_1_33' title='bbox 990 693 1135 758; x_wconf 89' lang='lat' dir='ltr'>iudicare</span> <span class='ocrx_word' id='word_1_34' title='bbox 1159 692 1320 757; x_wconf 79' lang='lat' dir='ltr'>licenter</span> 
     </span>
     <span class='ocr_line' id='line_1_6' title="bbox 125 796 1319 881; baseline -0.004 -15"><span class='ocrx_word' id='word_1_35' title='bbox 125 800 276 881; x_wconf 82' lang='lat' dir='ltr'>analogia</span> <span class='ocrx_word' id='word_1_36' title='bbox 299 798 538 864; x_wconf 83' lang='lat' dir='ltr'>terminationis</span> <span class='ocrx_word' id='word_1_37' title='bbox 563 825 681 881; x_wconf 76' lang='grc' dir='ltr'><strong><em>-τερος,</em></strong></span> <span class='ocrx_word' id='word_1_38' title='bbox 714 799 806 881; x_wconf 73' lang='lat' dir='ltr'>Quae</span> <span class='ocrx_word' id='word_1_39' title='bbox 830 817 901 863; x_wconf 89' lang='lat' dir='ltr'>cum</span> <span class='ocrx_word' id='word_1_40' title='bbox 926 797 1049 879; x_wconf 84' lang='lat' dir='ltr'>origiue</span> <span class='ocrx_word' id='word_1_41' title='bbox 1075 797 1109 860; x_wconf 88' lang='lat' dir='ltr'>in</span> <span class='ocrx_word' id='word_1_42' title='bbox 1133 796 1319 862; x_wconf 89' lang='lat' dir='ltr'>universum</span> 
     </span>
     <span class='ocr_line' id='line_1_7' title="bbox 125 899 1320 983; baseline -0.005 -14"><span class='ocrx_word' id='word_1_43' title='bbox 125 905 267 970; x_wconf 87' lang='lat' dir='ltr'>indicare</span> <span class='ocrx_word' id='word_1_44' title='bbox 300 903 452 969; x_wconf 86' lang='lat' dir='ltr'>videatur</span> <span class='ocrx_word' id='word_1_45' title='bbox 482 922 554 968; x_wconf 90' lang='lat' dir='ltr'>esse</span> <span class='ocrx_word' id='word_1_46' title='bbox 585 903 749 983; x_wconf 86' lang='lat' dir='ltr'>quandam</span> <span class='ocrx_word' id='word_1_47' title='bbox 782 902 975 966; x_wconf 80' lang='lat' dir='ltr'>relationem</span> <span class='ocrx_word' id='word_1_48' title='bbox 1005 900 1092 965; x_wconf 88' lang='lat' dir='ltr'>inter</span> <span class='ocrx_word' id='word_1_49' title='bbox 1121 899 1154 964; x_wconf 93' lang='lat' dir='ltr'>id</span> <span class='ocrx_word' id='word_1_50' title='bbox 1185 899 1226 964; x_wconf 91' lang='lat' dir='ltr'>de</span> <span class='ocrx_word' id='word_1_51' title='bbox 1257 918 1320 979; x_wconf 88' lang='lat' dir='ltr'>quo</span> 
     </span>
     <span class='ocr_line' id='line_1_8' title="bbox 126 1005 1321 1089; baseline -0.006 -14"><span class='ocrx_word' id='word_1_52' title='bbox 126 1009 317 1075; x_wconf 88' lang='lat' dir='ltr'>vocabulum</span> <span class='ocrx_word' id='word_1_53' title='bbox 347 1027 408 1089; x_wconf 90' lang='lat' dir='ltr'>ope</span> <span class='ocrx_word' id='word_1_54' title='bbox 439 1008 534 1073; x_wconf 87' lang='lat' dir='ltr'>buius</span> <span class='ocrx_word' id='word_1_55' title='bbox 568 1006 675 1072; x_wconf 82' lang='lat' dir='ltr'>suffixi</span> <span class='ocrx_word' id='word_1_56' title='bbox 708 1007 829 1072; x_wconf 87' lang='lat' dir='ltr'>factum</span> <span class='ocrx_word' id='word_1_57' title='bbox 864 1007 1074 1088; x_wconf 89' lang='lat' dir='ltr'>praedicatur</span> <span class='ocrx_word' id='word_1_58' title='bbox 1108 1011 1141 1070; x_wconf 90' lang='lat' dir='ltr'>et</span> <span class='ocrx_word' id='word_1_59' title='bbox 1171 1005 1205 1069; x_wconf 93' lang='lat' dir='ltr'>id</span> <span class='ocrx_word' id='word_1_60' title='bbox 1235 1005 1321 1085; x_wconf 87' lang='lat' dir='ltr'>quod</span> 
     </span>
     <span class='ocr_line' id='line_1_9' title="bbox 125 1107 1320 1194; baseline -0.005 -16"><span class='ocrx_word' id='word_1_61' title='bbox 125 1113 219 1179; x_wconf 90' lang='lat' dir='ltr'>huius</span> <span class='ocrx_word' id='word_1_62' title='bbox 243 1112 393 1180; x_wconf 81' lang='lat' dir='ltr'>vocabuli</span> <span class='ocrx_word' id='word_1_63' title='bbox 416 1118 511 1193; x_wconf 86' lang='lat' dir='ltr'>parte</span> <span class='ocrx_word' id='word_1_64' title='bbox 534 1111 711 1175; x_wconf 88' lang='lat' dir='ltr'>thematica</span> <span class='ocrx_word' id='word_1_65' title='bbox 734 1110 936 1194; x_wconf 82' lang='lat' dir='ltr'>significatur</span> <span class='ocrx_word' id='word_1_66' title='bbox 959 1109 1011 1194; x_wconf 82' lang='lat' dir='ltr'>(L.</span> <span class='ocrx_word' id='word_1_67' title='bbox 1035 1110 1151 1191; x_wconf 86' lang='lat' dir='ltr'>Meyer</span> <span class='ocrx_word' id='word_1_68' title='bbox 1174 1109 1246 1191; x_wconf 84' lang='lat' dir='ltr'>Vgl.</span> <span class='ocrx_word' id='word_1_69' title='bbox 1263 1107 1320 1173; x_wconf 84' lang='lat' dir='ltr'>Gr.</span> 
     </span>
     <span class='ocr_line' id='line_1_10' title="bbox 126 1212 1321 1301; baseline -0.005 -19"><span class='ocrx_word' id='word_1_70' title='bbox 126 1217 261 1301; x_wconf 76' lang='grc' dir='ltr'>Π546)</span> <span class='ocrx_word' id='word_1_71' title='bbox 287 1253 325 1260; x_wconf 90' lang='grc'>-</span> <span class='ocrx_word' id='word_1_72' title='bbox 354 1233 407 1278; x_wconf 82' lang='lat' dir='ltr'>res</span> <span class='ocrx_word' id='word_1_73' title='bbox 433 1214 589 1299; x_wconf 69' lang='lat' dir='ltr'>p‘pe-ra&#39;po</span> <span class='ocrx_word' id='word_1_74' title='bbox 622 1217 716 1293; x_wconf 76' lang='lat' dir='ltr'>‘quae</span> <span class='ocrx_word' id='word_1_75' title='bbox 749 1212 876 1298; x_wconf 70' lang='grc' dir='ltr'><strong><em>ἤμέ-ων</em></strong></span> <span class='ocrx_word' id='word_1_76' title='bbox 906 1215 984 1291; x_wconf 72' lang='grc' dir='ltr'>θεῖ’,</span> <span class='ocrx_word' id='word_1_77' title='bbox 1019 1212 1118 1294; x_wconf 73' lang='grc' dir='ltr'><strong><em>θύραι</em></strong></span> <span class='ocrx_word' id='word_1_78' title='bbox 1150 1213 1321 1297; x_wconf 75' lang='grc' dir='ltr'><strong><em>θεώ-τεραι</em></strong></span> 
     </span>
     <span class='ocr_line' id='line_1_11' title="bbox 127 1316 1322 1403; baseline -0.002 -19"><span class='ocrx_word' id='word_1_79' title='bbox 127 1348 141 1384; x_wconf 93' lang='grc' dir='ltr'><strong><em>ν</em></strong></span> <span class='ocrx_word' id='word_1_80' title='bbox 167 1323 224 1384; x_wconf 91' lang='grc'>111</span> <span class='ocrx_word' id='word_1_81' title='bbox 251 1318 340 1403; x_wconf 80' lang='lat' dir='ltr'>(opp.</span> <span class='ocrx_word' id='word_1_82' title='bbox 368 1321 429 1382; x_wconf 90' lang='grc'>110</span> <span class='ocrx_word' id='word_1_83' title='bbox 452 1319 649 1398; x_wconf 70' lang='grc' dir='ltr'><strong><em>καταιβαταὶ</em></strong></span> <span class='ocrx_word' id='word_1_84' title='bbox 674 1316 904 1401; x_wconf 73' lang='grc' dir='ltr'><strong><em>ἀνθρώποισιν)</em></strong></span> <span class='ocrx_word' id='word_1_85' title='bbox 929 1321 1023 1396; x_wconf 79' lang='lat' dir='ltr'>‘quae</span> <span class='ocrx_word' id='word_1_86' title='bbox 1047 1323 1124 1382; x_wconf 82' lang='lat' dir='ltr'>sunt</span> <span class='ocrx_word' id='word_1_87' title='bbox 1148 1317 1322 1382; x_wconf 74' lang='grc' dir='ltr'><strong><em>ἀθανάτων</em></strong></span> 
     </span>
     <span class='ocr_line' id='line_1_12' title="bbox 126 1421 1321 1508; baseline -0.001 -21"><span class='ocrx_word' id='word_1_88' title='bbox 126 1426 161 1506; x_wconf 63' lang='grc' dir='ltr'>(ς</span> <span class='ocrx_word' id='word_1_89' title='bbox 186 1426 281 1503; x_wconf 73' lang='grc' dir='ltr'><strong><em>θεῶν)</em></strong></span> <span class='ocrx_word' id='word_1_90' title='bbox 306 1422 389 1501; x_wconf 58' lang='grc' dir='ltr'>ὀδάξ</span> <span class='ocrx_word' id='word_1_91' title='bbox 417 1426 486 1504; x_wconf 79' lang='grc'><strong>112,</strong></span> <span class='ocrx_word' id='word_1_92' title='bbox 513 1423 717 1508; x_wconf 64' lang='lat' dir='ltr'>dubo-aspar,</span> <span class='ocrx_word' id='word_1_93' title='bbox 742 1423 935 1508; x_wconf 77' lang='grc' dir='ltr'><strong><em>α’γρό-τερος</em></strong></span> <span class='ocrx_word' id='word_1_94' title='bbox 963 1421 1017 1504; x_wconf 76' lang='lat' dir='ltr'>(bf.</span> <span class='ocrx_word' id='word_1_95' title='bbox 1051 1422 1226 1507; x_wconf 75' lang='grc' dir='ltr'><em>ἀγροτέρης</em></span> <span class='ocrx_word' id='word_1_96' title='bbox 1248 1423 1321 1486; x_wconf 79' lang='grc' dir='ltr'><strong><em>ἐλά-</em></strong></span> 
     </span>
     <span class='ocr_line' id='line_1_13' title="bbox 127 1525 1320 1612; baseline -0.001 -20"><span class='ocrx_word' id='word_1_97' title='bbox 127 1555 202 1612; x_wconf 81' lang='grc' dir='ltr'><strong><em>φοιο</em></strong></span> <span class='ocrx_word' id='word_1_98' title='bbox 218 1528 311 1592; x_wconf 80' lang='lat' dir='ltr'>iuxta</span> <span class='ocrx_word' id='word_1_99' title='bbox 329 1526 418 1612; x_wconf 77' lang='grc' dir='ltr'><strong><em>αἰγὸς</em></strong></span> <span class='ocrx_word' id='word_1_100' title='bbox 434 1527 647 1610; x_wconf 78' lang='grc' dir='ltr'>ὀρεσσινόμου</span> <span class='ocrx_word' id='word_1_101' title='bbox 663 1528 742 1593; x_wconf 73' lang='lat' dir='ltr'>Hes·</span> <span class='ocrx_word' id='word_1_102' title='bbox 763 1525 851 1592; x_wconf 77' lang='lat' dir='ltr'>Sciit.</span> <span class='ocrx_word' id='word_1_103' title='bbox 868 1527 957 1609; x_wconf 75' lang='lat'>407),</span> <span class='ocrx_word' id='word_1_104' title='bbox 983 1525 1170 1609; x_wconf 78' lang='grc' dir='ltr'><strong><em>ὀρέσ-τεοος</em></strong></span> <span class='ocrx_word' id='word_1_105' title='bbox 1194 1529 1238 1591; x_wconf 54' lang='grc' dir='ltr'>(ἐν</span> <span class='ocrx_word' id='word_1_106' title='bbox 1254 1526 1320 1610; x_wconf 76' lang='grc' dir='ltr'>ὄρει</span> 
     </span>
     <span class='ocr_line' id='line_1_14' title="bbox 128 1630 1320 1716; baseline 0 -21"><span class='ocrx_word' id='word_1_107' title='bbox 128 1631 310 1716; x_wconf 66' lang='grc' dir='ltr'><strong><em>διατρίβων</em></strong></span> <span class='ocrx_word' id='word_1_108' title='bbox 330 1670 378 1712; x_wconf 76' lang='lat'>—‚</span> <span class='ocrx_word' id='word_1_109' title='bbox 402 1638 470 1696; x_wconf 91' lang='lat' dir='ltr'>tum</span> <span class='ocrx_word' id='word_1_110' title='bbox 487 1631 722 1713; x_wconf 83' lang='lat' dir='ltr'>comparationi</span> <span class='ocrx_word' id='word_1_111' title='bbox 737 1632 785 1696; x_wconf 89' lang='lat' dir='ltr'>ita</span> <span class='ocrx_word' id='word_1_112' title='bbox 799 1631 947 1709; x_wconf 76' lang='lat' dir='ltr'>inservit,</span> <span class='ocrx_word' id='word_1_113' title='bbox 972 1637 1009 1696; x_wconf 88' lang='lat' dir='ltr'>ut</span> <span class='ocrx_word' id='word_1_114' title='bbox 1023 1630 1114 1696; x_wconf 92' lang='lat' dir='ltr'>initio</span> <span class='ocrx_word' id='word_1_115' title='bbox 1138 1631 1216 1695; x_wconf 92' lang='lat' dir='ltr'>nihil</span> <span class='ocrx_word' id='word_1_116' title='bbox 1233 1630 1320 1697; x_wconf 91' lang='lat' dir='ltr'>aliud</span> 
     </span>
     <span class='ocr_line' id='line_1_15' title="bbox 126 1735 1321 1816; baseline 0 -14"><span class='ocrx_word' id='word_1_117' title='bbox 126 1755 222 1816; x_wconf 86' lang='lat' dir='ltr'>quam</span> <span class='ocrx_word' id='word_1_118' title='bbox 245 1736 382 1802; x_wconf 87' lang='lat' dir='ltr'>alteram</span> <span class='ocrx_word' id='word_1_119' title='bbox 407 1755 474 1800; x_wconf 92' lang='lat' dir='ltr'>rem</span> <span class='ocrx_word' id='word_1_120' title='bbox 499 1736 541 1800; x_wconf 88' lang='lat' dir='ltr'>ad</span> <span class='ocrx_word' id='word_1_121' title='bbox 565 1736 700 1801; x_wconf 86' lang='lat' dir='ltr'>alterius</span> <span class='ocrx_word' id='word_1_122' title='bbox 724 1736 965 1802; x_wconf 89' lang='lat' dir='ltr'>similitudinem</span> <span class='ocrx_word' id='word_1_123' title='bbox 995 1735 1151 1801; x_wconf 87' lang='lat' dir='ltr'>accedere</span> <span class='ocrx_word' id='word_1_124' title='bbox 1182 1736 1321 1816; x_wconf 87' lang='lat' dir='ltr'>quidem,</span> 
     </span>
     <span class='ocr_line' id='line_1_16' title="bbox 126 1840 1320 1924; baseline -0.004 -16"><span class='ocrx_word' id='word_1_125' title='bbox 126 1861 190 1908; x_wconf 90' lang='lat' dir='ltr'>non</span> <span class='ocrx_word' id='word_1_126' title='bbox 214 1848 324 1907; x_wconf 90' lang='lat' dir='ltr'>tamen</span> <span class='ocrx_word' id='word_1_127' title='bbox 346 1843 433 1908; x_wconf 89' lang='lat' dir='ltr'>inter</span> <span class='ocrx_word' id='word_1_128' title='bbox 456 1848 627 1921; x_wconf 88' lang='lat' dir='ltr'>utrumque</span> <span class='ocrx_word' id='word_1_129' title='bbox 651 1861 744 1907; x_wconf 91' lang='lat' dir='ltr'>omne</span> <span class='ocrx_word' id='word_1_130' title='bbox 768 1842 838 1907; x_wconf 89' lang='lat' dir='ltr'>tolli</span> <span class='ocrx_word' id='word_1_131' title='bbox 867 1842 1040 1908; x_wconf 80' lang='lat' dir='ltr'>discrimen</span> <span class='ocrx_word' id='word_1_132' title='bbox 1071 1840 1320 1924; x_wconf 81' lang='lat' dir='ltr'>significaverit:</span> 
     </span>
     <span class='ocr_line' id='line_1_17' title="bbox 126 1943 1320 2029; baseline -0.003 -18"><span class='ocrx_word' id='word_1_133' title='bbox 126 1946 226 2028; x_wconf 82' lang='lat' dir='ltr'>igitur</span> <span class='ocrx_word' id='word_1_134' title='bbox 248 1945 507 2026; x_wconf 83' lang='lat' dir='ltr'>augmentationi</span> <span class='ocrx_word' id='word_1_135' title='bbox 530 1945 578 2029; x_wconf 88' lang='lat' dir='ltr'>(in</span> <span class='ocrx_word' id='word_1_136' title='bbox 605 1945 837 2027; x_wconf 85' lang='lat' dir='ltr'>comparativis</span> <span class='ocrx_word' id='word_1_137' title='bbox 867 1946 957 2013; x_wconf 91' lang='lat' dir='ltr'>velut</span> <span class='ocrx_word' id='word_1_138' title='bbox 979 1943 1226 2026; x_wconf 71' lang='grc' dir='ltr'><strong><em>βασιλεύ-τερος</em></strong></span> <span class='ocrx_word' id='word_1_139' title='bbox 1249 1943 1320 2007; x_wconf 76' lang='grc' dir='ltr'><strong><em>κύν-</em></strong></span> 
     </span>
     <span class='ocr_line' id='line_1_18' title="bbox 128 2046 1323 2131; baseline -0.003 -17"><span class='ocrx_word' id='word_1_140' title='bbox 128 2049 271 2131; x_wconf 64' lang='lat' dir='ltr'>repocl²l</span> <span class='ocrx_word' id='word_1_141' title='bbox 301 2068 365 2114; x_wconf 91' lang='lat' dir='ltr'>non</span> <span class='ocrx_word' id='word_1_142' title='bbox 400 2049 505 2114; x_wconf 90' lang='lat' dir='ltr'>miuus</span> <span class='ocrx_word' id='word_1_143' title='bbox 540 2055 652 2130; x_wconf 88' lang='lat' dir='ltr'>aptum</span> <span class='ocrx_word' id='word_1_144' title='bbox 683 2067 779 2127; x_wconf 89' lang='lat' dir='ltr'>quam</span> <span class='ocrx_word' id='word_1_145' title='bbox 804 2047 1016 2112; x_wconf 83' lang='lat' dir='ltr'>dominationi</span> <span class='ocrx_word' id='word_1_146' title='bbox 1040 2046 1131 2130; x_wconf 86' lang='lat' dir='ltr'>(scrt.</span> <span class='ocrx_word' id='word_1_147' title='bbox 1156 2052 1323 2125; x_wconf 81' lang='lat' dir='ltr'>apoc-turo</span> 
     </span>
     <span class='ocr_line' id='line_1_19' title="bbox 127 2150 1321 2236; baseline -0.003 -18"><span class='ocrx_word' id='word_1_148' title='bbox 127 2156 145 2218; x_wconf 92' lang='lat' dir='ltr'>i.</span> <span class='ocrx_word' id='word_1_149' title='bbox 171 2174 197 2218; x_wconf 86' lang='lat' dir='ltr'>e.</span> <span class='ocrx_word' id='word_1_150' title='bbox 230 2172 348 2235; x_wconf 82' lang='lat' dir='ltr'>graece</span> <span class='ocrx_word' id='word_1_151' title='bbox 374 2152 563 2233; x_wconf 70' lang='grc' dir='ltr'><strong><em>Ἴωιότερος</em></strong></span> <span class='ocrx_word' id='word_1_152' title='bbox 593 2153 692 2217; x_wconf 86' lang='lat' dir='ltr'>‘nicht</span> <span class='ocrx_word' id='word_1_153' title='bbox 715 2171 799 2234; x_wconf 82' lang='lat' dir='ltr'>ganz</span> <span class='ocrx_word' id='word_1_154' title='bbox 831 2150 940 2216; x_wconf 88' lang='lat' dir='ltr'>Pierd’</span> <span class='ocrx_word' id='word_1_155' title='bbox 971 2181 992 2205; x_wconf 96' lang='lat'><strong><em>=</em></strong></span> <span class='ocrx_word' id='word_1_156' title='bbox 1016 2151 1205 2232; x_wconf 54' lang='grc' dir='ltr'>*1111116551ν</span> <span class='ocrx_word' id='word_1_157' title='bbox 1215 2152 1241 2236; x_wconf 76' lang='lat'>³)</span> <span class='ocrx_word' id='word_1_158' title='bbox 1264 2151 1321 2216; x_wconf 90' lang='lat' dir='ltr'>lat.</span> 
     </span>
     <span class='ocr_line' id='line_1_20' title="bbox 129 2254 1323 2342; baseline -0.004 -18"><span class='ocrx_word' id='word_1_159' title='bbox 129 2259 338 2342; x_wconf 81' lang='lat' dir='ltr'>mater-tera).</span> <span class='ocrx_word' id='word_1_160' title='bbox 377 2258 470 2340; x_wconf 81' lang='lat' dir='ltr'>Quod</span> <span class='ocrx_word' id='word_1_161' title='bbox 494 2276 535 2322; x_wconf 87' lang='lat' dir='ltr'>ne</span> <span class='ocrx_word' id='word_1_162' title='bbox 552 2255 646 2320; x_wconf 78' lang='lat' dir='ltr'>trimis</span> <span class='ocrx_word' id='word_1_163' title='bbox 669 2256 891 2334; x_wconf 72' lang='lat' dir='ltr'>obstupescas</span> <span class='ocrx_word' id='word_1_164' title='bbox 917 2254 1018 2319; x_wconf 86' lang='lat' dir='ltr'>adeas</span> <span class='ocrx_word' id='word_1_165' title='bbox 1035 2272 1158 2319; x_wconf 82' lang='lat' dir='ltr'>urceum</span> <span class='ocrx_word' id='word_1_166' title='bbox 1181 2255 1323 2319; x_wconf 84' lang='lat' dir='ltr'>Bezzen-</span> 
     </span>
     <span class='ocr_line' id='line_1_21' title="bbox 128 2356 1322 2445; baseline -0.005 -19"><span class='ocrx_word' id='word_1_167' title='bbox 128 2363 255 2445; x_wconf 86' lang='lat' dir='ltr'>bergeri</span> <span class='ocrx_word' id='word_1_168' title='bbox 277 2360 543 2427; x_wconf 89' lang='lat' dir='ltr'>commentarium</span> <span class='ocrx_word' id='word_1_169' title='bbox 560 2359 600 2424; x_wconf 91' lang='lat' dir='ltr'>de</span> <span class='ocrx_word' id='word_1_170' title='bbox 624 2356 856 2439; x_wconf 85' lang='lat' dir='ltr'>comparativis</span> <span class='ocrx_word' id='word_1_171' title='bbox 872 2357 992 2423; x_wconf 86' lang='lat' dir='ltr'>letticis</span> <span class='ocrx_word' id='word_1_172' title='bbox 1016 2357 1099 2441; x_wconf 85' lang='lat' dir='ltr'><strong>(BB.</strong></span> <span class='ocrx_word' id='word_1_173' title='bbox 1116 2359 1145 2421; x_wconf 78' lang='lat' dir='ltr'>l&#39;</span> <span class='ocrx_word' id='word_1_174' title='bbox 1162 2361 1203 2423; x_wconf 87' lang='grc'>98</span> <span class='ocrx_word' id='word_1_175' title='bbox 1220 2360 1322 2442; x_wconf 84' lang='lat' dir='ltr'>sqq.):</span> 
     </span>
     <span class='ocr_line' id='line_1_22' title="bbox 130 2460 1321 2549; baseline -0.007 -17"><span class='ocrx_word' id='word_1_176' title='bbox 130 2466 208 2549; x_wconf 78' lang='lat' dir='ltr'>„ulit</span> <span class='ocrx_word' id='word_1_177' title='bbox 224 2467 287 2531; x_wconf 91' lang='lat' dir='ltr'>den</span> <span class='ocrx_word' id='word_1_178' title='bbox 304 2465 477 2531; x_wconf 85' lang='lat' dir='ltr'>lettischen</span> <span class='ocrx_word' id='word_1_179' title='bbox 493 2461 820 2529; x_wconf 82' lang='lat' dir='ltr'>Gradatiousformeu</span> <span class='ocrx_word' id='word_1_180' title='bbox 838 2460 898 2526; x_wconf 88' lang='lat' dir='ltr'>aui</span> <span class='ocrx_word' id='word_1_181' title='bbox 910 2460 982 2527; x_wconf 83' lang='lat' dir='ltr'>-olcs</span> <span class='ocrx_word' id='word_1_182' title='bbox 998 2460 1070 2526; x_wconf 84' lang='lat' dir='ltr'>sind</span> <span class='ocrx_word' id='word_1_183' title='bbox 1087 2462 1321 2526; x_wconf 86' lang='lat' dir='ltr'>enerkannter-</span> 
     </span>
     <span class='ocr_line' id='line_1_23' title="bbox 128 2564 1328 2643; baseline -0.007 -7"><span class='ocrx_word' id='word_1_184' title='bbox 128 2590 254 2636; x_wconf 82' lang='lat' dir='ltr'>massan</span> <span class='ocrx_word' id='word_1_185' title='bbox 279 2571 438 2635; x_wconf 78' lang='lat' dir='ltr'>zundclrst</span> <span class='ocrx_word' id='word_1_186' title='bbox 460 2569 512 2634; x_wconf 89' lang='lat' dir='ltr'>die</span> <span class='ocrx_word' id='word_1_187' title='bbox 542 2567 734 2632; x_wconf 87' lang='lat' dir='ltr'>litauischen</span> <span class='ocrx_word' id='word_1_188' title='bbox 768 2565 1020 2631; x_wconf 86' lang='lat' dir='ltr'>adiectiviscben</span> <span class='ocrx_word' id='word_1_189' title='bbox 1054 2565 1237 2643; x_wconf 77' lang='lat' dir='ltr'>Bilduugen</span> <span class='ocrx_word' id='word_1_190' title='bbox 1269 2564 1328 2629; x_wconf 87' lang='lat' dir='ltr'>auf</span> 
     </span>
    </p>
   </div>
   <div class='ocr_carea' id='block_1_3' title="bbox 294 2687 334 2694">
    <p class='ocr_par' dir='ltr' id='par_1_4' title="bbox 294 2687 334 2694">
     <span class='ocr_line' id='line_1_24' title="bbox 294 2687 334 2694; baseline 0 0"><span class='ocrx_word' id='word_1_191' title='bbox 294 2687 334 2694; x_wconf 59' lang='lat'>..-</span> 
     </span>
    </p>
   </div>
   <div class='ocr_carea' id='block_1_4' title="bbox 96 2717 1327 4542">
    <p class='ocr_par' dir='ltr' id='par_1_5' title="bbox 128 2717 1324 2880">
     <span class='ocr_line' id='line_1_25' title="bbox 130 2717 1324 2795; baseline -0.008 -14"><span class='ocrx_word' id='word_1_192' title='bbox 130 2727 262 2795; x_wconf 75' lang='lat' dir='ltr'>Aeschylo</span> <span class='ocrx_word' id='word_1_193' title='bbox 283 2729 383 2779; x_wconf 69' lang='grc' dir='ltr'><strong><em>κάκιον</em></strong></span> <span class='ocrx_word' id='word_1_194' title='bbox 404 2726 478 2793; x_wconf 86' lang='lat' dir='ltr'>Sept.</span> <span class='ocrx_word' id='word_1_195' title='bbox 498 2732 557 2793; x_wconf 78' lang='grc'><strong>583,</strong></span> <span class='ocrx_word' id='word_1_196' title='bbox 577 2725 612 2778; x_wconf 84' lang='lat' dir='ltr'>ab</span> <span class='ocrx_word' id='word_1_197' title='bbox 632 2722 763 2789; x_wconf 80' lang='lat' dir='ltr'>Euripide</span> <span class='ocrx_word' id='word_1_198' title='bbox 783 2738 823 2773; x_wconf 82' lang='lat' dir='ltr'>ox.</span> <span class='ocrx_word' id='word_1_199' title='bbox 844 2736 883 2785; x_wconf 82' lang='lat' dir='ltr'>gr.</span> <span class='ocrx_word' id='word_1_200' title='bbox 903 2723 1013 2787; x_wconf 66' lang='grc' dir='ltr'><strong><em>βέλτιον</em></strong></span> <span class='ocrx_word' id='word_1_201' title='bbox 1034 2720 1113 2786; x_wconf 80' lang='lat' dir='ltr'>lrgm.</span> <span class='ocrx_word' id='word_1_202' title='bbox 1135 2726 1175 2786; x_wconf 81' lang='grc'>55,</span> <span class='ocrx_word' id='word_1_203' title='bbox 1196 2724 1224 2787; x_wconf 82' lang='grc'>6;</span> <span class='ocrx_word' id='word_1_204' title='bbox 1244 2717 1324 2784; x_wconf 69' lang='grc' dir='ltr'><strong><em>ἥδιον</em></strong></span> 
     </span>
     <span class='ocr_line' id='line_1_26' title="bbox 128 2808 1253 2880; baseline -0.004 -16"><span class='ocrx_word' id='word_1_205' title='bbox 128 2820 186 2880; x_wconf 80' lang='grc'><strong>360,</strong></span> <span class='ocrx_word' id='word_1_206' title='bbox 205 2820 233 2879; x_wconf 77' lang='lat'>‘23</span> <span class='ocrx_word' id='word_1_207' title='bbox 252 2816 367 2866; x_wconf 70' lang='grc' dir='ltr'><strong><em>κάλλιον</em></strong></span> <span class='ocrx_word' id='word_1_208' title='bbox 387 2811 459 2867; x_wconf 79' lang='lat' dir='ltr'>Med.</span> <span class='ocrx_word' id='word_1_209' title='bbox 480 2817 537 2864; x_wconf 76' lang='lat'>543.</span> <span class='ocrx_word' id='word_1_210' title='bbox 557 2818 621 2875; x_wconf 75' lang='lat'>6643</span> <span class='ocrx_word' id='word_1_211' title='bbox 640 2814 741 2862; x_wconf 70' lang='grc' dir='ltr'><strong><em>κάκιον</em></strong></span> <span class='ocrx_word' id='word_1_212' title='bbox 762 2808 840 2875; x_wconf 80' lang='lat' dir='ltr'>frgm.</span> <span class='ocrx_word' id='word_1_213' title='bbox 861 2812 919 2871; x_wconf 77' lang='lat'><strong>282,</strong></span> <span class='ocrx_word' id='word_1_214' title='bbox 939 2812 963 2863; x_wconf 73' lang='lat'>⁴2,</span> <span class='ocrx_word' id='word_1_215' title='bbox 992 2811 1051 2866; x_wconf 75' lang='lat' dir='ltr'>tal,</span> <span class='ocrx_word' id='word_1_216' title='bbox 1076 2813 1095 2861; x_wconf 92' lang='lat' dir='ltr'>l.</span> <span class='ocrx_word' id='word_1_217' title='bbox 1126 2812 1199 2873; x_wconf 78' lang='grc'><strong>1034,</strong></span> <span class='ocrx_word' id='word_1_218' title='bbox 1219 2809 1253 2875; x_wconf 78' lang='lat' dir='ltr'>l).</span> 
     </span>
    </p>

    <p class='ocr_par' dir='ltr' id='par_1_6' title="bbox 125 2894 1326 3922">
     <span class='ocr_line' id='line_1_27' title="bbox 168 2894 1323 2965; baseline -0.004 -11"><span class='ocrx_word' id='word_1_219' title='bbox 168 2940 171 2943; x_wconf 20' lang='grc' dir='ltr'><strong>Α</strong></span> <span class='ocrx_word' id='word_1_220' title='bbox 197 2902 259 2954; x_wconf 67' lang='lat' dir='ltr'>oin.</span> <span class='ocrx_word' id='word_1_221' title='bbox 276 2899 368 2954; x_wconf 81' lang='lat' dir='ltr'>atticis</span> <span class='ocrx_word' id='word_1_222' title='bbox 393 2898 586 2965; x_wconf 84' lang='lat' dir='ltr'>comparativis</span> <span class='ocrx_word' id='word_1_223' title='bbox 611 2913 673 2951; x_wconf 85' lang='lat' dir='ltr'>vere</span> <span class='ocrx_word' id='word_1_224' title='bbox 699 2897 808 2963; x_wconf 81' lang='lat' dir='ltr'>longum</span> <span class='ocrx_word' id='word_1_225' title='bbox 833 2909 891 2948; x_wconf 86' lang='lat' dir='ltr'>esse</span> <span class='ocrx_word' id='word_1_226' title='bbox 922 2894 989 2948; x_wconf 88' lang='lat' dir='ltr'>nibil</span> <span class='ocrx_word' id='word_1_227' title='bbox 1015 2894 1111 2948; x_wconf 87' lang='lat' dir='ltr'>melius</span> <span class='ocrx_word' id='word_1_228' title='bbox 1139 2894 1217 2948; x_wconf 80' lang='lat' dir='ltr'>docet</span> <span class='ocrx_word' id='word_1_229' title='bbox 1242 2912 1323 2962; x_wconf 86' lang='lat' dir='ltr'>quam</span> 
     </span>
     <span class='ocr_line' id='line_1_28' title="bbox 128 2981 1325 3053; baseline -0.003 -13"><span class='ocrx_word' id='word_1_230' title='bbox 128 3003 219 3041; x_wconf 81' lang='lat' dir='ltr'>versus</span> <span class='ocrx_word' id='word_1_231' title='bbox 247 2987 420 3053; x_wconf 86' lang='lat' dir='ltr'>anapaestici</span> <span class='ocrx_word' id='word_1_232' title='bbox 455 2985 501 3052; x_wconf 90' lang='lat' dir='ltr'>qui</span> <span class='ocrx_word' id='word_1_233' title='bbox 535 2985 587 3040; x_wconf 83' lang='lat' dir='ltr'>luae</span> <span class='ocrx_word' id='word_1_234' title='bbox 614 2986 702 3039; x_wconf 86' lang='lat' dir='ltr'>vocali</span> <span class='ocrx_word' id='word_1_235' title='bbox 730 2986 757 3037; x_wconf 92' lang='lat' dir='ltr'>in</span> <span class='ocrx_word' id='word_1_236' title='bbox 786 2983 857 3037; x_wconf 85' lang='lat' dir='ltr'>thesi</span> <span class='ocrx_word' id='word_1_237' title='bbox 885 2996 934 3048; x_wconf 90' lang='lat' dir='ltr'>pro</span> <span class='ocrx_word' id='word_1_238' title='bbox 962 2981 1046 3050; x_wconf 80' lang='lat' dir='ltr'>longa</span> <span class='ocrx_word' id='word_1_239' title='bbox 1074 2982 1182 3052; x_wconf 80' lang='lat' dir='ltr'>syllaba</span> <span class='ocrx_word' id='word_1_240' title='bbox 1210 2988 1325 3037; x_wconf 88' lang='lat' dir='ltr'>utuntur</span> 
     </span>
     <span class='ocr_line' id='line_1_29' title="bbox 128 3068 1324 3140; baseline -0.004 -12"><span class='ocrx_word' id='word_1_241' title='bbox 128 3079 174 3131; x_wconf 77' lang='lat' dir='ltr'>Ar.</span> <span class='ocrx_word' id='word_1_242' title='bbox 204 3073 370 3140; x_wconf 84' lang='lat' dir='ltr'>Thesmoph.</span> <span class='ocrx_word' id='word_1_243' title='bbox 402 3077 460 3127; x_wconf 87' lang='grc'><strong>800.</strong></span> <span class='ocrx_word' id='word_1_244' title='bbox 492 3076 551 3127; x_wconf 87' lang='grc'><strong>810,</strong></span> <span class='ocrx_word' id='word_1_245' title='bbox 592 3071 664 3130; x_wconf 80' lang='lat' dir='ltr'>Rau,</span> <span class='ocrx_word' id='word_1_246' title='bbox 691 3076 765 3124; x_wconf 81' lang='grc'><strong>1000.</strong></span> <span class='ocrx_word' id='word_1_247' title='bbox 799 3069 868 3123; x_wconf 87' lang='lat' dir='ltr'>Plut.</span> <span class='ocrx_word' id='word_1_248' title='bbox 899 3074 948 3121; x_wconf 85' lang='grc'>516</span> <span class='ocrx_word' id='word_1_249' title='bbox 985 3070 1131 3138; x_wconf 69' lang='grc' dir='ltr'>(βελτίους)</span> <span class='ocrx_word' id='word_1_250' title='bbox 1169 3068 1242 3125; x_wconf 84' lang='lat' dir='ltr'>Eoel.</span> <span class='ocrx_word' id='word_1_251' title='bbox 1274 3075 1324 3123; x_wconf 78' lang='grc'>615</span> 
     </span>
     <span class='ocr_line' id='line_1_30' title="bbox 128 3149 1324 3231; baseline -0.002 -21"><span class='ocrx_word' id='word_1_252' title='bbox 128 3166 272 3231; x_wconf 75' lang='grc' dir='ltr'>(αἰσχίους)</span> <span class='ocrx_word' id='word_1_253' title='bbox 292 3166 341 3212; x_wconf 72' lang='grc'>626</span> <span class='ocrx_word' id='word_1_254' title='bbox 365 3158 524 3224; x_wconf 78' lang='grc' dir='ltr'><strong><em>(καλλίους).</em></strong></span> <span class='ocrx_word' id='word_1_255' title='bbox 555 3158 627 3216; x_wconf 77' lang='lat' dir='ltr'>Plus.</span> <span class='ocrx_word' id='word_1_256' title='bbox 648 3163 698 3212; x_wconf 75' lang='lat'>590</span> <span class='ocrx_word' id='word_1_257' title='bbox 721 3157 862 3225; x_wconf 67' lang='grc' dir='ltr'><strong><em>(αἴσχιον).</em></strong></span> <span class='ocrx_word' id='word_1_258' title='bbox 894 3154 975 3222; x_wconf 84' lang='lat' dir='ltr'>Vesp.</span> <span class='ocrx_word' id='word_1_259' title='bbox 996 3161 1045 3207; x_wconf 80' lang='grc'>510</span> <span class='ocrx_word' id='word_1_260' title='bbox 1071 3149 1179 3223; x_wconf 65' lang='grc' dir='ltr'>(ἕδνον).</span> <span class='ocrx_word' id='word_1_261' title='bbox 1211 3154 1324 3221; x_wconf 80' lang='lat' dir='ltr'>Quicum</span> 
     </span>
     <span class='ocr_line' id='line_1_31' title="bbox 128 3242 1324 3313; baseline -0.001 -16"><span class='ocrx_word' id='word_1_262' title='bbox 128 3247 252 3301; x_wconf 78' lang='lat' dir='ltr'>convenit</span> <span class='ocrx_word' id='word_1_263' title='bbox 271 3244 342 3312; x_wconf 89' lang='lat' dir='ltr'>quod</span> <span class='ocrx_word' id='word_1_264' title='bbox 362 3244 424 3310; x_wconf 92' lang='lat' dir='ltr'>plns</span> <span class='ocrx_word' id='word_1_265' title='bbox 443 3243 527 3296; x_wconf 90' lang='lat' dir='ltr'>semel</span> <span class='ocrx_word' id='word_1_266' title='bbox 546 3245 573 3296; x_wconf 92' lang='lat' dir='ltr'>in</span> <span class='ocrx_word' id='word_1_267' title='bbox 597 3244 709 3313; x_wconf 86' lang='lat' dir='ltr'>papyris</span> <span class='ocrx_word' id='word_1_268' title='bbox 734 3243 844 3298; x_wconf 87' lang='lat' dir='ltr'>Hercul.</span> <span class='ocrx_word' id='word_1_269' title='bbox 864 3246 1003 3310; x_wconf 60' lang='lat' dir='ltr'>peinana·</span> <span class='ocrx_word' id='word_1_270' title='bbox 1024 3249 1086 3298; x_wconf 84' lang='lat' dir='ltr'>cett.</span> <span class='ocrx_word' id='word_1_271' title='bbox 1107 3242 1235 3296; x_wconf 86' lang='lat' dir='ltr'>scribitur</span> <span class='ocrx_word' id='word_1_272' title='bbox 1253 3245 1324 3310; x_wconf 86' lang='lat' dir='ltr'>qnod</span> 
     </span>
     <span class='ocr_line' id='line_1_32' title="bbox 127 3327 1322 3402; baseline -0.003 -17"><span class='ocrx_word' id='word_1_273' title='bbox 127 3334 220 3387; x_wconf 79' lang='lat' dir='ltr'>ritiurm</span> <span class='ocrx_word' id='word_1_274' title='bbox 240 3331 414 3402; x_wconf 81' lang='lat' dir='ltr'>grammatici</span> <span class='ocrx_word' id='word_1_275' title='bbox 433 3340 530 3384; x_wconf 83' lang='lat' dir='ltr'>notare</span> <span class='ocrx_word' id='word_1_276' title='bbox 549 3346 602 3384; x_wconf 91' lang='lat' dir='ltr'>non</span> <span class='ocrx_word' id='word_1_277' title='bbox 622 3332 770 3385; x_wconf 81' lang='lat' dir='ltr'>omiseram</span> <span class='ocrx_word' id='word_1_278' title='bbox 793 3327 903 3395; x_wconf 74' lang='lat' dir='ltr'>(Herod.</span> <span class='ocrx_word' id='word_1_279' title='bbox 923 3329 1028 3394; x_wconf 81' lang='grc'><strong>11411,</strong></span> <span class='ocrx_word' id='word_1_280' title='bbox 1048 3334 1072 3385; x_wconf 84' lang='grc'>3.</span> <span class='ocrx_word' id='word_1_281' title='bbox 1092 3334 1152 3394; x_wconf 91' lang='grc'><strong>600,</strong></span> <span class='ocrx_word' id='word_1_282' title='bbox 1174 3329 1253 3394; x_wconf 65' lang='grc'><strong>1511.)</strong></span> <span class='ocrx_word' id='word_1_283' title='bbox 1284 3330 1322 3382; x_wconf 77' lang='lat' dir='ltr'>&#39;sd</span> 
     </span>
     <span class='ocr_line' id='line_1_33' title="bbox 129 3415 1324 3488; baseline -0.006 -16"><span class='ocrx_word' id='word_1_284' title='bbox 129 3426 166 3479; x_wconf 72' lang='grc' dir='ltr'>εἰς</span> <span class='ocrx_word' id='word_1_285' title='bbox 185 3441 225 3472; x_wconf 90' lang='grc' dir='ltr'>ων</span> <span class='ocrx_word' id='word_1_286' title='bbox 244 3421 364 3488; x_wconf 70' lang='grc' dir='ltr'><strong><em>λα’γονια</em></strong></span> <span class='ocrx_word' id='word_1_287' title='bbox 384 3418 497 3487; x_wconf 73' lang='grc' dir='ltr'><strong><em>καθαροὶ</em></strong></span> <span class='ocrx_word' id='word_1_288' title='bbox 519 3420 696 3488; x_wconf 77' lang='grc' dir='ltr'><strong><em>σογκριτικτί,</em></strong></span> <span class='ocrx_word' id='word_1_289' title='bbox 717 3417 804 3471; x_wconf 78' lang='grc' dir='ltr'><strong><em>ὁπότε</em></strong></span> <span class='ocrx_word' id='word_1_290' title='bbox 825 3418 1017 3487; x_wconf 71' lang='grc' dir='ltr'><strong><em>ααραλήγοιτο</em></strong></span> <span class='ocrx_word' id='word_1_291' title='bbox 1037 3415 1073 3483; x_wconf 75' lang='grc' dir='ltr'>τῷ</span> <span class='ocrx_word' id='word_1_292' title='bbox 1091 3423 1123 3475; x_wconf 73' lang='lat' dir='ltr'>i,</span> <span class='ocrx_word' id='word_1_293' title='bbox 1148 3418 1324 3483; x_wconf 71' lang='grc' dir='ltr'>ἐκτεταμένῳ</span> 
     </span>
     <span class='ocr_line' id='line_1_34' title="bbox 129 3502 1325 3579; baseline -0.008 -21"><span class='ocrx_word' id='word_1_294' title='bbox 129 3510 201 3576; x_wconf 70' lang='grc' dir='ltr'>αὐτῷ</span> <span class='ocrx_word' id='word_1_295' title='bbox 222 3507 443 3579; x_wconf 65' lang='grc' dir='ltr'><strong><em>τιυρυλήγσντστ,</em></strong></span> <span class='ocrx_word' id='word_1_296' title='bbox 463 3506 581 3556; x_wconf 75' lang='grc' dir='ltr'><strong><em>καλλίων</em></strong></span> <span class='ocrx_word' id='word_1_297' title='bbox 601 3505 687 3570; x_wconf 66' lang='grc' dir='ltr'><strong><em>ἡδίων</em></strong></span> <span class='ocrx_word' id='word_1_298' title='bbox 700 3508 814 3572; x_wconf 74' lang='grc' dir='ltr'><strong><em>βελτίων</em></strong></span> <span class='ocrx_word' id='word_1_299' title='bbox 834 3506 956 3571; x_wconf 71' lang='grc' dir='ltr'><strong><em>γλυκίων</em></strong></span> <span class='ocrx_word' id='word_1_300' title='bbox 976 3508 1089 3556; x_wconf 79' lang='grc' dir='ltr'><strong><em>κακίων.</em></strong></span> <span class='ocrx_word' id='word_1_301' title='bbox 1121 3502 1325 3572; x_wconf 64' lang='grc' dir='ltr'>Ἀριστοφάνης</span> 
     </span>
     <span class='ocr_line' id='line_1_35' title="bbox 130 3584 1322 3666; baseline -0.008 -21"><span class='ocrx_word' id='word_1_302' title='bbox 130 3596 157 3645; x_wconf 69' lang='grc' dir='ltr'>αλλ</span> <span class='ocrx_word' id='word_1_303' title='bbox 184 3598 213 3645; x_wconf 68' lang='grc' dir='ltr'>ἐν</span> <span class='ocrx_word' id='word_1_304' title='bbox 240 3597 373 3650; x_wconf 72' lang='grc' dir='ltr'>Ἀττικαῖς</span> <span class='ocrx_word' id='word_1_305' title='bbox 397 3590 506 3646; x_wconf 70' lang='grc' dir='ltr'><strong><em>λέξεσιν</em></strong></span> <span class='ocrx_word' id='word_1_306' title='bbox 533 3594 640 3666; x_wconf 74' lang='grc' dir='ltr'>ἱστορεῖ</span> <span class='ocrx_word' id='word_1_307' title='bbox 670 3598 865 3663; x_wconf 58' lang='grc' dir='ltr'>προφέρεσθαι</span> <span class='ocrx_word' id='word_1_308' title='bbox 893 3593 1083 3657; x_wconf 69' lang='grc' dir='ltr'>ἐκτεταμένους</span> <span class='ocrx_word' id='word_1_309' title='bbox 1109 3584 1209 3642; x_wconf 82' lang='lat' dir='ltr'>Herod.</span> <span class='ocrx_word' id='word_1_310' title='bbox 1230 3606 1257 3638; x_wconf 78' lang='grc' dir='ltr'>ττ.</span> <span class='ocrx_word' id='word_1_311' title='bbox 1280 3587 1322 3637; x_wconf 63' lang='grc' dir='ltr'>(λυ</span> 
     </span>
     <span class='ocr_line' id='line_1_36' title="bbox 125 3671 1325 3752; baseline -0.01 -16"><span class='ocrx_word' id='word_1_312' title='bbox 125 3682 237 3752; x_wconf 73' lang='grc' dir='ltr'><strong><em>χρόνον</em></strong></span> <span class='ocrx_word' id='word_1_313' title='bbox 256 3679 287 3735; x_wconf 79' lang='lat' dir='ltr'>L.</span> <span class='ocrx_word' id='word_1_314' title='bbox 307 3677 334 3729; x_wconf 93' lang='lat' dir='ltr'>ll</span> <span class='ocrx_word' id='word_1_315' title='bbox 358 3683 396 3742; x_wconf 80' lang='lat'>13,</span> <span class='ocrx_word' id='word_1_316' title='bbox 418 3684 447 3729; x_wconf 79' lang='grc'>11</span> <span class='ocrx_word' id='word_1_317' title='bbox 462 3694 520 3747; x_wconf 87' lang='lat' dir='ltr'>sqq.</span> <span class='ocrx_word' id='word_1_318' title='bbox 549 3679 646 3734; x_wconf 85' lang='lat' dir='ltr'>Nauck</span> <span class='ocrx_word' id='word_1_319' title='bbox 665 3678 844 3746; x_wconf 83' lang='lat' dir='ltr'>Aristophan.</span> <span class='ocrx_word' id='word_1_320' title='bbox 868 3681 914 3729; x_wconf 79' lang='grc'>182</span> <span class='ocrx_word' id='word_1_321' title='bbox 932 3691 972 3743; x_wconf 84' lang='lat' dir='ltr'>sq.</span> <span class='ocrx_word' id='word_1_322' title='bbox 992 3671 1099 3726; x_wconf 70' lang='grc' dir='ltr'><strong><em>κακλων</em></strong></span> <span class='ocrx_word' id='word_1_323' title='bbox 1119 3672 1213 3740; x_wconf 81' lang='lat' dir='ltr'>Eiurip.</span> <span class='ocrx_word' id='word_1_324' title='bbox 1227 3673 1261 3729; x_wconf 85' lang='lat' dir='ltr'>ir.</span> <span class='ocrx_word' id='word_1_325' title='bbox 1275 3679 1325 3725; x_wconf 89' lang='grc'><strong>550</strong></span> 
     </span>
     <span class='ocr_line' id='line_1_37' title="bbox 129 3761 1326 3833; baseline -0.007 -14"><span class='ocrx_word' id='word_1_326' title='bbox 129 3767 219 3822; x_wconf 87' lang='lat' dir='ltr'>labem</span> <span class='ocrx_word' id='word_1_327' title='bbox 239 3764 324 3822; x_wconf 81' lang='lat' dir='ltr'>traxit</span> <span class='ocrx_word' id='word_1_328' title='bbox 343 3780 358 3818; x_wconf 88' lang='lat' dir='ltr'>e</span> <span class='ocrx_word' id='word_1_329' title='bbox 376 3780 470 3818; x_wconf 78' lang='lat' dir='ltr'>voraris</span> <span class='ocrx_word' id='word_1_330' title='bbox 488 3765 619 3819; x_wconf 89' lang='lat' dir='ltr'>contiuuo</span> <span class='ocrx_word' id='word_1_331' title='bbox 638 3766 807 3833; x_wconf 86' lang='lat' dir='ltr'>insequentis</span> <span class='ocrx_word' id='word_1_332' title='bbox 829 3761 962 3817; x_wconf 84' lang='lat' dir='ltr'>vocabulo</span> <span class='ocrx_word' id='word_1_333' title='bbox 981 3763 1129 3825; x_wconf 69' lang='grc' dir='ltr'><strong><em>κάκιοτος;</em></strong></span> <span class='ocrx_word' id='word_1_334' title='bbox 1157 3765 1206 3812; x_wconf 90' lang='lat' dir='ltr'>aut</span> <span class='ocrx_word' id='word_1_335' title='bbox 1221 3765 1326 3828; x_wconf 77' lang='grc' dir='ltr'><strong><em>χείρων</em></strong></span> 
     </span>
     <span class='ocr_line' id='line_1_38' title="bbox 128 3845 1250 3922; baseline -0.005 -16"><span class='ocrx_word' id='word_1_336' title='bbox 128 3855 199 3922; x_wconf 88' lang='lat' dir='ltr'>quod</span> <span class='ocrx_word' id='word_1_337' title='bbox 219 3868 372 3921; x_wconf 84' lang='lat' dir='ltr'>anonymus</span> <span class='ocrx_word' id='word_1_338' title='bbox 391 3851 593 3906; x_wconf 83' lang='lat' dir='ltr'>commendavit</span> <span class='ocrx_word' id='word_1_339' title='bbox 612 3859 660 3906; x_wconf 70' lang='lat' dir='ltr'>aaut</span> <span class='ocrx_word' id='word_1_340' title='bbox 678 3860 768 3922; x_wconf 72' lang='grc' dir='ltr'><strong><em>μείων</em></strong></span> <span class='ocrx_word' id='word_1_341' title='bbox 788 3851 859 3920; x_wconf 90' lang='lat' dir='ltr'>quod</span> <span class='ocrx_word' id='word_1_342' title='bbox 880 3848 976 3904; x_wconf 88' lang='lat' dir='ltr'>Nauck</span> <span class='ocrx_word' id='word_1_343' title='bbox 996 3845 1180 3901; x_wconf 84' lang='lat' dir='ltr'>reducendum</span> <span class='ocrx_word' id='word_1_344' title='bbox 1200 3851 1250 3900; x_wconf 90' lang='lat' dir='ltr'>est.</span> 
     </span>
    </p>

    <p class='ocr_par' dir='ltr' id='par_1_7' title="bbox 129 3932 1324 4095">
     <span class='ocr_line' id='line_1_39' title="bbox 201 3932 1324 4008; baseline -0.008 -15"><span class='ocrx_word' id='word_1_345' title='bbox 201 3949 219 4008; x_wconf 73' lang='lat'>¹)</span> <span class='ocrx_word' id='word_1_346' title='bbox 239 3940 355 3995; x_wconf 85' lang='lat' dir='ltr'>Errasse</span> <span class='ocrx_word' id='word_1_347' title='bbox 374 3939 407 3994; x_wconf 86' lang='lat' dir='ltr'>dc</span> <span class='ocrx_word' id='word_1_348' title='bbox 427 3940 480 3994; x_wconf 87' lang='lat' dir='ltr'>hac</span> <span class='ocrx_word' id='word_1_349' title='bbox 506 3955 535 3993; x_wconf 85' lang='lat' dir='ltr'>ro</span> <span class='ocrx_word' id='word_1_350' title='bbox 554 3940 617 3994; x_wconf 90' lang='lat' dir='ltr'>Joh.</span> <span class='ocrx_word' id='word_1_351' title='bbox 638 3937 816 3992; x_wconf 84' lang='lat' dir='ltr'>Schmidtium</span> <span class='ocrx_word' id='word_1_352' title='bbox 838 3937 892 3990; x_wconf 86' lang='lat' dir='ltr'>KZ.</span> <span class='ocrx_word' id='word_1_353' title='bbox 914 3935 1004 3988; x_wconf 85' lang='lat' dir='ltr'>XXVI</span> <span class='ocrx_word' id='word_1_354' title='bbox 1024 3940 1073 3986; x_wconf 81' lang='lat'>382</span> <span class='ocrx_word' id='word_1_355' title='bbox 1093 3940 1121 3986; x_wconf 87' lang='lat' dir='ltr'>et</span> <span class='ocrx_word' id='word_1_356' title='bbox 1140 3932 1324 3999; x_wconf 77' lang='lat' dir='ltr'>Meringerum</span> 
     </span>
     <span class='ocr_line' id='line_1_40' title="bbox 129 4024 646 4095; baseline 0.002 -14"><span class='ocrx_word' id='word_1_357' title='bbox 129 4027 214 4085; x_wconf 78' lang='lat' dir='ltr'>ztod.</span> <span class='ocrx_word' id='word_1_358' title='bbox 236 4034 310 4095; x_wconf 80' lang='grc'><strong>1881,</strong></span> <span class='ocrx_word' id='word_1_359' title='bbox 330 4033 381 4081; x_wconf 84' lang='grc'><strong>1166</strong></span> <span class='ocrx_word' id='word_1_360' title='bbox 400 4024 474 4080; x_wconf 85' lang='lat' dir='ltr'>inira</span> <span class='ocrx_word' id='word_1_361' title='bbox 492 4027 646 4094; x_wconf 84' lang='lat' dir='ltr'>apparebit.</span> 
     </span>
    </p>

    <p class='ocr_par' dir='ltr' id='par_1_8' title="bbox 203 4109 1325 4181">
     <span class='ocr_line' id='line_1_41' title="bbox 203 4109 1325 4181; baseline -0.004 -12"><span class='ocrx_word' id='word_1_362' title='bbox 203 4120 221 4181; x_wconf 83' lang='lat'>¹)</span> <span class='ocrx_word' id='word_1_363' title='bbox 241 4116 283 4169; x_wconf 90' lang='lat' dir='ltr'>De</span> <span class='ocrx_word' id='word_1_364' title='bbox 293 4124 356 4170; x_wconf 83' lang='lat' dir='ltr'>sert.</span> <span class='ocrx_word' id='word_1_365' title='bbox 366 4124 487 4168; x_wconf 72' lang='grc' dir='ltr'><strong><em>υῑοωονα</em></strong></span> <span class='ocrx_word' id='word_1_366' title='bbox 498 4110 710 4181; x_wconf 71' lang='lat' dir='ltr'>Qtukh.·grhya</span> <span class='ocrx_word' id='word_1_367' title='bbox 722 4112 732 4163; x_wconf 98' lang='lat' dir='ltr'>l</span> <span class='ocrx_word' id='word_1_368' title='bbox 745 4118 786 4179; x_wconf 77' lang='grc'>11,</span> <span class='ocrx_word' id='word_1_369' title='bbox 799 4118 829 4164; x_wconf 78' lang='grc'>11</span> <span class='ocrx_word' id='word_1_370' title='bbox 840 4129 863 4164; x_wconf 86' lang='lat' dir='ltr'>v.</span> <span class='ocrx_word' id='word_1_371' title='bbox 874 4111 1033 4177; x_wconf 81' lang='lat' dir='ltr'>Oldenberg</span> <span class='ocrx_word' id='word_1_372' title='bbox 1045 4109 1104 4166; x_wconf 89' lang='lat' dir='ltr'>lnd.</span> <span class='ocrx_word' id='word_1_373' title='bbox 1119 4109 1194 4165; x_wconf 83' lang='lat' dir='ltr'>Slud.</span> <span class='ocrx_word' id='word_1_374' title='bbox 1206 4109 1255 4162; x_wconf 81' lang='lat' dir='ltr'>XV</span> <span class='ocrx_word' id='word_1_375' title='bbox 1270 4115 1325 4165; x_wconf 78' lang='lat'>132.</span> 
     </span>
    </p>

    <p class='ocr_par' dir='ltr' id='par_1_9' title="bbox 96 4194 1327 4542">
     <span class='ocr_line' id='line_1_42' title="bbox 200 4194 1326 4268; baseline -0.007 -13"><span class='ocrx_word' id='word_1_376' title='bbox 200 4207 221 4267; x_wconf 80' lang='lat'>³)</span> <span class='ocrx_word' id='word_1_377' title='bbox 239 4202 271 4254; x_wconf 91' lang='lat' dir='ltr'>ln</span> <span class='ocrx_word' id='word_1_378' title='bbox 290 4201 363 4255; x_wconf 88' lang='lat' dir='ltr'>hanc</span> <span class='ocrx_word' id='word_1_379' title='bbox 380 4207 490 4268; x_wconf 85' lang='lat' dir='ltr'>partem</span> <span class='ocrx_word' id='word_1_380' title='bbox 511 4199 627 4265; x_wconf 77' lang='lat' dir='ltr'>(lanatae</span> <span class='ocrx_word' id='word_1_381' title='bbox 645 4200 714 4264; x_wconf 78' lang='lat' dir='ltr'>Pau.</span> <span class='ocrx_word' id='word_1_382' title='bbox 735 4207 762 4265; x_wconf 85' lang='grc'>5,</span> <span class='ocrx_word' id='word_1_383' title='bbox 783 4206 811 4265; x_wconf 79' lang='grc'><strong>0,</strong></span> <span class='ocrx_word' id='word_1_384' title='bbox 831 4205 872 4256; x_wconf 77' lang='lat' dir='ltr'>sl,</span> <span class='ocrx_word' id='word_1_385' title='bbox 910 4195 1012 4265; x_wconf 83' lang='lat' dir='ltr'>Beuiey</span> <span class='ocrx_word' id='word_1_386' title='bbox 1036 4195 1133 4250; x_wconf 85' lang='lat' dir='ltr'>Vollst.</span> <span class='ocrx_word' id='word_1_387' title='bbox 1153 4196 1261 4250; x_wconf 81' lang='lat' dir='ltr'>Sanscr.</span> <span class='ocrx_word' id='word_1_388' title='bbox 1280 4194 1326 4248; x_wconf 84' lang='lat' dir='ltr'>Gr.</span> 
     </span>
     <span class='ocr_line' id='line_1_43' title="bbox 129 4282 1327 4357; baseline -0.006 -16"><span class='ocrx_word' id='word_1_389' title='bbox 129 4288 144 4357; x_wconf 82' lang='lat'>§</span> <span class='ocrx_word' id='word_1_390' title='bbox 164 4295 211 4341; x_wconf 85' lang='grc'>561</span> <span class='ocrx_word' id='word_1_391' title='bbox 233 4292 286 4353; x_wconf 81' lang='lat' dir='ltr'>ex.)</span> <span class='ocrx_word' id='word_1_392' title='bbox 304 4290 379 4355; x_wconf 88' lang='lat' dir='ltr'>ipsos</span> <span class='ocrx_word' id='word_1_393' title='bbox 398 4287 528 4341; x_wconf 87' lang='lat' dir='ltr'>Indorum</span> <span class='ocrx_word' id='word_1_394' title='bbox 548 4286 745 4353; x_wconf 80' lang='lat' dir='ltr'>grammaticos</span> <span class='ocrx_word' id='word_1_395' title='bbox 764 4285 856 4339; x_wconf 79' lang='lat' dir='ltr'>suffixi</span> <span class='ocrx_word' id='word_1_396' title='bbox 875 4286 903 4337; x_wconf 90' lang='lat' dir='ltr'>in</span> <span class='ocrx_word' id='word_1_397' title='bbox 921 4294 1047 4351; x_wconf 76' lang='grc' dir='ltr'><strong><em>οωαιονο</em></strong></span> <span class='ocrx_word' id='word_1_398' title='bbox 1060 4290 1225 4351; x_wconf 78' lang='lat' dir='ltr'>potestatem</span> <span class='ocrx_word' id='word_1_399' title='bbox 1245 4282 1327 4337; x_wconf 88' lang='lat' dir='ltr'>iuter·</span> 
     </span>
     <span class='ocr_line' id='line_1_44' title="bbox 130 4372 1326 4441; baseline -0.006 -14"><span class='ocrx_word' id='word_1_400' title='bbox 130 4376 232 4441; x_wconf 85' lang='lat' dir='ltr'>pretari</span> <span class='ocrx_word' id='word_1_401' title='bbox 252 4374 384 4430; x_wconf 81' lang='lat' dir='ltr'>admonet</span> <span class='ocrx_word' id='word_1_402' title='bbox 402 4389 445 4428; x_wconf 85' lang='lat' dir='ltr'>me</span> <span class='ocrx_word' id='word_1_403' title='bbox 464 4374 616 4429; x_wconf 84' lang='lat' dir='ltr'>Zachariae</span> <span class='ocrx_word' id='word_1_404' title='bbox 630 4374 849 4440; x_wconf 71' lang='lat' dir='ltr'>(ocoendpmiydm</span> <span class='ocrx_word' id='word_1_405' title='bbox 865 4381 982 4441; x_wconf 77' lang='lat' dir='ltr'>rotpunno</span> <span class='ocrx_word' id='word_1_406' title='bbox 1005 4372 1074 4437; x_wconf 70' lang='grc' dir='ltr'><strong><em>’ςυστ</em></strong></span> <span class='ocrx_word' id='word_1_407' title='bbox 1097 4383 1170 4438; x_wconf 74' lang='lat' dir='ltr'>torpa</span> <span class='ocrx_word' id='word_1_408' title='bbox 1191 4381 1326 4423; x_wconf 72' lang='lat' dir='ltr'>laniatorum</span> 
     </span>
     <span class='ocr_line' id='line_1_45' title="bbox 96 4461 451 4542; baseline 0.003 -29"><span class='ocrx_word' id='word_1_409' title='bbox 96 4532 99 4542; x_wconf 37' lang='grc' dir='ltr'>Ι</span> <span class='ocrx_word' id='word_1_410' title='bbox 129 4465 328 4532; x_wconf 70' lang='lat' dir='ltr'>unpopitrkatd.</span> <span class='ocrx_word' id='word_1_411' title='bbox 362 4461 451 4528; x_wconf 73' lang='lat' dir='ltr'>Kepl.</span> 
     </span>
    </p>
   </div>
   <div class='ocr_carea' id='block_1_5' title="bbox 0 0 1504 5010">
    <p class='ocr_par' dir='ltr' id='par_1_10' title="bbox 0 0 1504 5010">
     <span class='ocr_line' id='line_1_46' title="bbox 0 0 1504 5010; baseline 0 0"><span class='ocrx_word' id='word_1_412' title='bbox 0 0 1504 5010; x_wconf 95' lang='lat' dir='ltr'> </span> 
     </span>
    </p>
   </div>
  </div>
 </body>
</html>
