2940 5026
559 182 774 245 ..81-

151 371 181 434 2.
196 369 329 435 ‘Hinter
344 368 417 434 dem
433 369 585 434 Hochton
601 372 717 435 11111111
735 368 801 457 [fur
816 381 861 456 tf,
879 395 925 459 pf,
944 371 989 460 vs]
1006 374 1184 458 durchweg
1200 368 1266 442 ein-

62 474 158 541 fuche
174 482 203 554 λ,
221 501 251 559 ρ,
268 499 302 539 v:
319 470 391 550 ὅλος
408 473 494 558 πάλη
510 473 589 560 κόρη
607 476 684 562 δέρη
702 475 777 561 ὅρος
793 477 916 562 δόρατα
934 482 1035 563 πέρας
1051 481 1139 558 ξένος
1155 482 1269 559 ἔνατος

62 580 187 666 γόνατα
201 578 318 665 φθάνω
335 575 401 642 όνω
417 577 493 643 τόνω
507 579 624 665 φθόνοι,
637 599 698 648 Ver
710 581 897 648 demselbeu
910 592 946 648 λλ
961 582 995 648 ill
1012 584 1124 663 πολλά,
1139 587 1267 662 πελλι’ς.’

152 688 200 752 At
229 687 312 751 haec
345 684 488 766 suspicio
522 704 628 766 neque
658 705 678 750 a
712 687 944 767 probabilitate
975 689 1149 755 admodum
1184 708 1268 755 com-

63 791 241 859 mendatur
263 789 471 871 etexempla
502 789 619 870 quibus
648 790 800 856 innititur
829 791 944 869 κάλλος
973 793 1118 873 κάλλιον,
1152 795 1270 871 πολλός

63 899 175 975 netu}
209 894 402 977 expeditum
438 893 523 960 eliae
561 901 678 976 patent
715 895 799 962 viae.
854 897 992 962 Accedit
1025 898 1111 978 quod
1149 898 1215 981 legi
1249 900 1268 962 2

64 1003 304 1087 'strabam
329 998 497 1065 1111111111
527 1019 548 1064 a
578 998 756 1065 Schmidtio
787 1000 923 1068 allatum
957 1010 1121 1085 repugnat
1151 1009 1186 1068 et
1216 1004 1270 1083 qui

64 1109 137 1175 eius
161 1104 360 1173 sententiam
383 1102 592 1185 amplectitur
612 1103 646 1169 in
664 1104 882 1186 explicatione
905 1106 1140 1175 adiectivorum
1164 1107 1270 1186 κειεός

64 1213 173 1298 (cypr.
197 1207 353 1292 nevevfo'c)
383 1208 486 1286 κεινός
519 1208 623 1289 κενός,·
659 1209 783 1288 στεινός
814 1211 942 1292 στενός,
966 1212 1159 1294 praesertim
1185 1231 1268 1277 eom-

66 1316 293 1400 parativorum
329 1312 517 1399 στενότερος
557 1313 738 1399 κενότερος,
778 1315 818 1380 de
856 1314 973 1396 quibus
1010 1315 1076 1383 vid.
1106 1316 1206 1399 iufra,
1242 1318 1271 1382 si

69 1421 175 1487 minus
204 1420 245 1486 de
276 1438 430 1485 successu
453 1419 621 1501 desperet,
651 1424 687 1484 11
709 1425 821 1485 tamen
843 1419 1001 1502 gravibus
1024 1421 1269 1487 difficultatibus

74 1542 147 1590 sese
177 1523 307 1590 irretiat
339 1542 413 1589 mea
447 1522 599 1605 opinione
632 1542 768 1589 necesse
803 1525 874 1590 erit.
930 1525 1002 1608 Ego
1041 1527 1171 1606 quidem
1204 1545 1269 1592 non

73 1628 175 1710 Video,
208 1629 264 1710 qui
288 1633 348 1694 att.
373 1629 538 1710 κενότερος
566 1647 584 1692 e
608 1627 803 1715 “ιιειγ’ότερος
826 1635 885 1694 aut
907 1649 925 1695 e
949 1629 1155 1716 *nevoorepog
1185 1649 1268 1697 eum·

68 1733 163 1799 mode
192 1732 300 1813 repeti
330 1739 438 1812 queat.
491 1732 605 1813 Neque
635 1733 721 1799 enim
755 1733 927 1814 quicquam
957 1735 1070 1801 auxilii
1104 1742 1199 1817 petas
1230 1756 1272 1803 ex

67 1837 190 1903 Asculii
213 1837 406 1919 ambagibus
423 1836 651 1922 (Sprachwiss.
676 1837 788 1904 Bn'efe
810 1859 842 1920 p.
859 1841 899 1904 57
917 1840 1003 1926 sqq.)
1038 1841 1148 1923 Quare
1171 1847 1269 1906 teneo

66 1942 154 2023 quod
169 1947 271 2008 antea
293 1941 371 2007 mihi
391 1960 630 2024 persuaseram,
654 1943 687 2027 ej
708 1962 839 2024 semper
860 1943 893 2009 in
918 1952 954 2009 11
970 1944 1132 2029 (exceptis
1156 1946 1270 2012 formis

66 2045 247 2112 dialecticis
270 2046 385 2126 quales
415 2052 494 2112 sunt
523 2045 613 2126 αι’λιις
636 2047 795 2114 :inerter
826 2056 860 2114 et
888 2049 928 2116 iis
952 2069 1035 2130 quae
1059 2052 1206 2118 vocalem
1229 2052 1270 2116 ob

67 2151 366 2233 compensationem
382 2151 576 2234 productam
591 2152 715 2218 habent
733 2154 894 2237 βούλομαι
912 2156 1084 2238 δειλομαι),
1101 2164 1137 2239 λγ
1151 2158 1202 2239 (vs
1218 2183 1235 2240 ρ
1235 2156 1270 2240 γ)

66 2257 109 2321 ab
129 2254 252 2320 Atticis
267 2261 458 2321 constanter
479 2255 513 2321 in
537 2265 554 2320 λ
577 2264 607 2335 (ν
629 2262 659 2340 ρ)
682 2256 820 2338 simplex
844 2259 950 2325 vocali
966 2260 1182 2325 antecedente
1205 2278 1270 2324 non

65 2360 229 2441 producta
251 2364 413 2426 mutatum
437 2378 520 2427 esse.
559 2360 654 2426 Nunc
677 2362 807 2445 singula
828 2362 904 2428 Joh.
928 2362 1098 2429 Schmidtii
1120 2363 1271 2445 exempla

67 2483 307 2532 recenseamus

154 2570 242 2636 Nihil
264 2570 401 2652 impedit
427 2569 522 2647 κᾰλός
553 2570 716 2640 adiectivo
744 2571 834 2638 aliud
863 2571 1012 2639 suffixum
1046 2577 1146 2654 atque
1178 2590 1269 2639 sans-

68 2675 181 2741 critico
207 2674 304 2757 talpa
327 2682 361 2740 et
382 2675 505 2742 nomini
527 2674 564 2741 τὸ
588 2675 704 2754 κάλλος
718 2684 765 2755 (<
780 2675 929 2756 ’κάλ-νος
952 2684 1011 2744 111
1035 2707 1067 2735 <
1090 2677 1270 2763 *adl-joe)

67 2780 222 2846 tribuere.
262 2779 511 2861 Comparativos
535 2785 569 2846 et
592 2780 812 2861 superlativos
835 2780 994 2862 βάθιστος
1016 2781 1152 2864 βράδιον
1172 2782 1272 2869 ἡδίων

69 2885 203 2972 ἥδιστος
233 2883 393 2969 πάχιστος
423 2884 579 2970 τάχιστος
601 2904 667 2951 non
698 2885 804 2951 minus
827 2891 919 2951 arcte
947 2906 1018 2953 cum
1046 2887 1173 2953 neutris
1196 2890 1270 2954 sub-

67 2992 223 3060 runcinis
254 2990 290 3058 τὸ
321 2991 425 3075 βάθος
454 2993 576 3077 βρόδος
600 2985 678 3078 ἦδος
709 2991 813 3076 πάχος
844 2991 944 3077 τάχος
973 2993 1151 3058 cohaerere
1174 3011 1270 3074 quam

68 3116 142 3163 cum
171 3096 343 3165 adiectivis
372 3099 478 3181 βαθύς
508 3098 631 3185 βραδύς
660 3097 738 3185 ἡδύς
769 3096 875 3183 παχύς
906 3097 1007 3183 ταχύς
1036 3104 1273 3180 potuerunt

68 3201 190 3266 Graeci
223 3201 366 3284 opinari,
403 3205 540 3288 αἰσχι1ον
575 3205 747 3288 αἴσχιστος
782 3200 940 3287 (αἰσχρός)
972 3202 1089 3288 οἷλγόων
1119 3202 1270 3289 όλγιστος

67 3304 252 3391 (ἀλεγεινὸς)
276 3308 395 3391 ἐχθίων
419 3307 574 3392 ἔχθιστος
603 3306 746 3394 (ἐχθρός)
778 3305 951 3393 κάρτιστος
975 3306 1084 3393 (Hom.
1109 3326 1270 3389 nusquam

66 3409 241 3494 κράτιστος
250 3412 271 3487 l)
303 3412 450 3497 (κρατόςῐ
486 3412 534 3479 sie
568 3431 698 3494 semper
731 3411 910 3498 Homerus)
944 3413 1071 3497 κέρδιον
1103 3413 1271 3498 κέρδιστος

66 3513 220 3600 κήδιστος
253 3517 368 3581 xviim
398 3516 548 3596 κὺδιστος
575 3517 712 3603 (κυδρός)
742 3517 900 3604 μήκιστος
930 3518 1076 3604 (μακρός)
1109 3518 1270 3595 οἴκτιστος

66 3618 220 3703 (σι’κτρός)
242 3619 345 3706 ῥίγιον
368 3622 513 3708 ῥίγιστος
536 3622 727 3708 (pryelense)
758 3622 1001 3690 debuerunt
1031 3623 1168 3704 quasia
1195 3623 1268 3688 sub·

66 3724 223 3791 stuntivis
261 3724 298 3792 τό
336 3723 451 3812 αἶσχος
486 3727 581 3814 ἄλγος
616 3729 715 3813 ἔχθος
749 3728 866 3815 κόρτος
901 3731 1012 3811 κέρδος
1045 3733 1142 3816 κῆδος
1176 3732 1271 3806 κῦδος

64 3835 186 3916 μῆκος,
222 3829 238 3896 ὁ
271 3827 391 3912 οἶκτος,
427 3831 464 3900 τὸ
495 3833 586 3921 ῥῖγος
617 3832 785 3901 derivatos
816 3840 944 3917 putare.
996 3834 1088 3918 Quae
1119 3852 1192 3898 cum
1221 3832 1270 3898 ita

66 3942 196 4017 esseut,
227 3934 323 4002 facile
347 3938 462 4004 horum
485 3938 639 4021 analogia
661 3957 700 4004 eo
728 3939 864 4020 perduci
890 3943 1085 4021 potuerunt,
1117 3943 1155 4003 ut
1184 3937 1269 4019 posi·

65 4041 137 4108 tivo
167 4041 302 4124 καλ-γός
332 4045 591 4126 comparativum
622 4050 657 4109 et
686 4043 923 4125 superlativum
947 4063 965 4108 1
995 4043 1125 4109 nomine
1155 4043 1271 4121 κάλλος

66 4144 279 4228 effingerent:
314 4151 453 4214 καλλίων
481 4149 659 4226 κάλλιστος.
693 4147 776 4213 aeol.
807 4151 925 4214 κᾶλίωι
955 4145 1092 4214 aalma
1124 4149 1270 4232 (Ahrena

65 4249 166 4315 Diali.
192 4249 209 4315 I
232 4252 304 4333 63),
336 4251 398 4318 uisi
428 4251 513 4319 11111
545 4274 563 4320 1
585 4255 696 4321 radice
719 4262 778 4319 καλ
801 4272 866 4320 non
890 4260 989 4321 aucta
1011 4253 1160 4338 profecta
1183 4260 1269 4337 sunt,

144 4475 433 4544 Ι1111111131212.
471 4480 500 4533 L.
520 4479 616 4549 Meyer
634 4481 694 4549 Vgl.
715 4480 762 4535 Gr.
782 4479 807 4533 1¹
829 4486 885 4534 101.

123 4571 257 4625 uenulae,
270 4573 421 4624 quonaone·
435 4575 520 4624 opem.
1072 4573 1092 4636 6
