2956 5018
550 203 788 267 -417-

68 389 241 457 transtulit
263 390 296 456 ill
319 409 436 457 versus
467 419 491 456 ω
515 393 578 456 299
602 396 637 456 et
669 419 688 455 α
712 392 775 455 225
800 390 863 473 (τίς
887 393 968 469 δαίς,
1002 393 1048 470 τίς
1072 395 1106 458 δὲ
1131 392 1264 476 ὅμιλος).

69 493 135 559 Sed
159 495 215 559 dui
236 494 378 560 Homero
401 495 547 577 ignotum
571 513 612 559 ne
641 494 692 559 his
722 493 851 574 quidem
880 493 960 559 locis
989 501 1108 574 poetae
1138 497 1268 562 obtrudi

69 617 132 679 par
155 603 222 678 est,
255 617 449 678 quamquam
481 627 500 663 α
525 599 588 664 227)
619 598 743 663 hiatum
766 616 872 678 neque
902 616 1058 665 excusare
1087 619 1147 665 nec
1176 605 1267 665 certa

70 702 198 767 ratione
229 702 295 767 seio
323 702 450 768 tollere.
497 731 521 767 ω
549 705 612 768 299
636 720 777 785 agnosco
807 704 939 770 brevem
966 702 999 768 in
1031 702 1136 784 prima
1165 703 1265 784 thesi;

70 823 147 869 nam
188 803 328 870 frontem
371 805 461 872 vocis
499 812 575 891 νηῦς
611 807 733 872 nullam
770 805 929 872 iacturam
970 805 1086 872 iecisse
1127 811 1266 888 constat,

73 914 108 972 N
130 909 193 972 742
217 927 279 974 scr.
305 907 343 995 ἠέ
364 934 416 974 κει
439 913 472 975 ἐν
495 911 608 996 νήεσσι
630 917 764 976 auctore
788 909 957 974 Ahrensio.

161 1040 178 1077 τ
200 1013 263 1077 327

379 1121 408 1172 εἴ
423 1135 472 1171 κεν
490 1118 654 1180 αὐσταλέος,
673 1116 746 1170 κακὰ
760 1123 895 1187 Ικειμένας
915 1159 921 1171 .
940 1158 946 1171 .
966 1158 971 1171 .

72 1220 227 1288 adiectivi
251 1218 428 1298 αὐσταλέος
448 1221 533 1302 quod
557 1226 645 1286 recte
661 1220 921 1302 interpretantur
944 1220 1110 1307 αὐχμηρός
1132 1220 1269 1285 formam

72 1324 265 1390 dissolutam
295 1325 350 1405 qui
384 1330 462 1407 apte
492 1329 607 1392 tueare
638 1344 703 1391 non
733 1324 828 1392 video
859 1325 912 1410 (L.
940 1326 1054 1408 Meyer
1084 1323 1116 1389 Ι*
1145 1322 1268 1408 7970.)

72 1428 253 1494 Descendit
285 1429 370 1495 enirn
401 1449 421 1495 a
450 1429 560 1496 radice
593 1450 670 1495 sous
704 1421 797 1514 (αὖος
830 1429 877 1494 lit.
912 1449 1024 1493 surmus
1056 1447 1157 1510 germ.
1191 1426 1268 1512 eor).

72 1533 184 1599 Voluit
199 1532 262 1598 nisi
284 1532 380 1599 fallor
396 1540 494 1615 poeta
518 1536 613 1600 εἴκει
633 1532 821 1614 αὐσταλέος,
845 1552 941 1614 quam
957 1531 1093 1597 formam
1109 1533 1267 1610 usurpant

72 1637 281 1719 recentiores,
306 1638 442 1705 Theocr.
466 1639 547 1704 xlv
569 1641 591 1704 4
614 1638 678 1724 (l),
703 1637 809 1719 Apoll.
833 1636 938 1702 Rhod.
961 1636 997 1700 Π
1020 1637 1084 1702 200
1107 1653 1154 1714 sq.
1178 1633 1269 1699 cuins

73 1744 177 1809 verba
200 1747 332 1824 etymon
355 1743 475 1824 optime
499 1742 702 1808 declarantia
726 1741 943 1807 exscriberee
966 1757 1002 1802 re
1018 1737 1268 1823 videmussed

74 1848 111 1911 δέ
134 1846 161 1911 oi
187 1844 367 1924 αὐσταλέος
388 1847 652 1934 parricidalium.

163 1978 174 2015 ι
198 1951 261 2016 283

241 2058 243 2062 ”
425 2054 478 2118 νῆα
494 2054 564 2121 (νέα)
583 2060 640 2124 μέν
656 2073 709 2124 μοι
729 2054 844 2111 κατέαξε
863 2093 868 2106 .
889 2093 895 2105 .
915 2091 921 2105 .

74 2160 264 2237 corruptum
287 2173 360 2220 esse
381 2153 469 2220 inter
495 2155 618 2236 peritos
641 2175 705 2220 non
728 2155 792 2221 iam
816 2155 993 2221 dubitatur.
1033 2153 1082 2240 νῆ’
1107 2152 1192 2240 ἀμήν
1213 2181 1270 2234 μοι

75 2261 149 2337 ἔαξε
172 2258 341 2341 proposuit
356 2259 493 2339 Abrens
519 2258 566 2345 νῆ’
591 2256 677 2344 α’μῆα
696 2261 831 2337 κατέαξε
854 2278 919 2325 van
935 2258 1024 2324 Gent
1046 2257 1270 2323 addicentibus

75 2362 348 2445 Wackernagelio
365 2363 434 2427 BB.
452 2363 499 2427 IV
515 2364 576 2427 287
601 2381 673 2430 curu
697 2363 784 2445 aliis,
809 2368 885 2448 opto
907 2362 967 2444 μέι
988 2388 1045 2444 μοι
1060 2361 1198 2426 Menrad
1219 2362 1270 2426 80.

75 2465 247 2532 Genuinae
281 2465 464 2547 scripturae
494 2464 682 2529 memoriam
711 2466 799 2530 haud
822 2466 889 2531 scio
921 2484 964 2530 an
993 2465 1107 2532 unicus
1130 2463 1270 2549 bestiast)

75 2570 146 2635 cod.
171 2571 272 2636 Marc.
298 2569 352 2650 qui
375 2569 506 2635 exhibet
528 2573 589 2654 νῆα
618 2569 679 2649 μέν
699 2596 757 2650 μοι
779 2570 852 2643 ἔαξε
875 2588 976 2651 supra
1005 2584 1136 2634 versum
1158 2565 1270 2630 addito

75 2672 157 2750 κατ’,
182 2672 426 2754 adservaremt3
450 2691 526 2737 uam
549 2676 611 2758 νῆα
630 2672 690 2754 μέν
711 2698 769 2754 μοι
792 2673 864 2750 ἔαξε
887 2673 968 2739 satis
984 2669 1170 2737 defenditur
1191 2668 1271 2733 locis

75 2776 171 2843 modo
195 2776 347 2842 tractatis
370 2782 405 2842 et
434 2774 516 2841 κατὰ
547 2775 699 2841 facillime
729 2776 836 2857 potuit
864 2775 1072 2858 interpolari,
1103 2773 1143 2840 cf.
1168 2801 1185 2838 κ
1207 2774 1271 2839 322

76 2878 132 2944 ubi
166 2878 263 2959 pauci
295 2897 355 2960 prb
390 2878 506 2966 ἐπήιξα
540 2877 582 2956 ὥς
617 2905 651 2945 τε
684 2879 840 2962 κτάμεναι
872 2882 1046 2962 μενεαίνων
1080 2877 1120 2963 (u
1145 2905 1163 2942 κ
1193 2876 1271 2961 295)

76 2983 239 3062 praebent
260 2980 365 3069 ε’τιῆιξ’
388 2981 472 3048 ὥστε
494 2983 735 3066 κατακτάμεναι
756 2985 940 3067 μενεαίνων.

165 3085 306 3150 Formae
328 3086 385 3172 ἔην
400 3086 506 3172 ἔησθα
529 3086 742 3154 distractione
758 3093 851 3154 ortae
874 3106 914 3153 ex
936 3081 974 3174 ἦν
998 3080 1087 3174 ἦσθα
1103 3082 1273 3169 (Mangold

77 3189 112 3254 C.
137 3189 229 3255 Stud.
253 3190 301 3255 VI
334 3189 410 3274 178)
441 3208 524 3257 aevo
554 3189 636 3255 satis
666 3191 835 3278 remoto‚³)
866 3208 942 3255 nam
972 3189 1027 3275 ἔην
1056 3188 1121 3253 iam
1152 3186 1275 3269 legitur

75 3291 111 3357 in
133 3291 229 3356 titulo
252 3297 384 3359 vetusto
408 3293 543 3359 Bechtel
565 3293 690 3359 Inschr.
707 3296 776 3378 jon.
792 3291 877 3359 Dial.
897 3293 1006 3374 175‚4
1028 3291 1083 3371 qui
1106 3309 1178 3355 cum
1200 3308 1272 3356 ver-

76 3393 167 3459 sibus
197 3401 373 3476 conceptus
403 3396 447 3462 sit
475 3395 653 3462 carminum
682 3397 845 3478 epicorum
875 3395 984 3476 qualia
1010 3399 1089 3460 tunc
1118 3392 1274 3474 temporis

76 3497 177 3579 vulgo
200 3496 391 3565 ferebantur
417 3500 512 3566 testis
541 3500 633 3565 nobis
657 3506 724 3582 est,
756 3501 797 3566 de
819 3499 931 3565 formis
960 3495 1134 3579 primitivis
1163 3502 1274 3561 tamen

67 3619 163 3680 quae
197 3601 385 3668 coniectura
419 3621 519 3685 saepe
553 3603 800 3668 resuscitandae
833 3620 899 3667 non
932 3600 1033 3665 multo
1069 3599 1142 3680 plus
1175 3600 1276 3664 habet

75 3703 153 3769 fldei
187 3710 221 3768 et
254 3707 460 3772 auctoritatis
495 3728 592 3789 quam
628 3706 845 3772 recentiorum
879 3702 1089 3783 exemplaria.
1146 3702 1185 3767 In
1220 3703 1275 3788 ἔηι

77 3807 184 3892 ἔησθα
207 3806 312 3872 latere
335 3809 479 3875 arbitror
500 3811 581 3897 ἔεν7)
606 3812 713 3877 ἔασθα
738 3809 853 3894 (ἔεσθα
877 3806 1008 3874 Curtius
1023 3806 1122 3871 Verb.
1138 3805 1169 3870 1⁹
1187 3807 1274 3891 177).

153 4014 172 4080 ¹)
192 4012 254 4067 Non
273 4013 341 4067 mihi
358 4015 508 4082 persuadet
526 4014 637 4072 Osthoti
655 4017 729 4075 Peri.
747 4023 807 4075 485.

150 4100 171 4167 ¹)
189 4099 229 4157 Cf.
248 4101 345 4156 scholii
365 4104 388 4156 B
407 4102 551 4157 lectionem
572 4111 596 4158 T
615 4109 671 4157 189.

150 4188 171 4253 ⁸)
191 4187 406 4244 Distractionem
425 4189 582 4244 universam
600 4188 716 4244 Euclide
735 4189 913 4244 recentiorem
938 4202 997 4242 esse
1018 4185 1113 4239 Fickio
1133 4184 1182 4239 Od.
1202 4192 1217 4239 2
1236 4203 1275 4254 sq.

77 4275 137 4328 sine
157 4275 328 4342 argumentis
345 4275 480 4330 asserenti
499 4289 579 4328 nemo
597 4275 699 4331 credet.

150 4362 172 4429 ⁴)
190 4363 221 4416 L.
241 4363 337 4432 Meyer
363 4362 420 4415 KZ.
445 4362 484 4415 IX
513 4366 571 4414 987.
608 4361 705 4415 Nauck
733 4361 799 4414 Mel.
824 4376 945 4428 garon.
974 4359 1013 4412 lli
1042 4364 1092 4412 250
1111 4373 1151 4426 sq.
1187 4357 1238 4412 0d.
1263 4360 1275 4412 Ι

77 4463 105 4515 p.
126 4447 199 4502 XIV.

131 4544 268 4594 schalas,
281 4545 431 4594 Quaestione·
444 4545 530 4591 opicae.
1079 4536 1118 4599 27
