2986 5010
678 221 717 227 —
765 185 913 247 aet)-

200 375 354 459 δήσανττς
378 375 462 459 νηλέι
489 379 597 460 δεσμῷ
621 376 733 438 11443
750 403 770 425 =
787 377 885 457 δῆσεν
908 373 1062 458 α’φδκτοις
1086 373 1232 454 ἅμμαοιν
1248 376 1398 455 Antipai.

198 477 346 559 Append.
364 476 502 542 Planud.
527 480 665 552 nr.19i.‚
689 481 769 557 lSq.
796 513 819 527 v
843 480 876 542 ἐν
892 478 1025 562 βρόχοις
1046 478 1184 563 μάρψας
1208 476 1398 564 άφάκτοιςῑ)

197 580 358 664 Lycopbr.
389 581 482 648 Alex.
514 585 578 648 310
601 600 648 662 sq.
675 621 714 627 -
746 587 854 668 Κῆρες
884 582 1017 647 Hesiod.
1047 583 1214 665 Theogon.
1245 585 1306 648 317
1340 603 1398 664 ap-

196 684 319 750 tissime
344 693 504 752 vooantur
527 687 725 772 νηλεόττοιτοι
755 690 901 767 ‘quarum
932 687 1109 753 vindictam
1132 706 1227 753 nemo
1251 687 1397 767 effugere

197 789 319 869 possii',
344 789 605 869 quandoquidem
631 787 747 854 οδτιοτε
771 789 904 874 λήγουσι
928 793 1005 857 deor*
1028 797 1145 857 δεινοῖο
1168 791 1291 876 χόλοιο,
1322 796 1398 872 πρίν
1431 820 1432 823 ’

195 893 224 977 γ’
249 891 311 959 άπὸ
344 899 388 981 τῷ
420 893 526 958 δώωσι
556 892 656 979 κακὴν
686 892 775 971 ὅταν,
808 892 896 971 ὅστις
927 894 1055 985 ἁμάρτῃ
1083 894 1163 981 (220
1191 896 1264 980 sq.).
1312 896 1395 961 Nam

195 997 375 1063 sceleratus
414 997 467 1063 vel
501 995 562 1062 διτδ
597 1001 656 1081 μάν
696 995 803 1083 φυγάν
843 997 953 1063 οὔποτ’
989 1002 1216 1082 ἐλευθεροῦται
1251 1005 1285 1062 et
1323 998 1397 1065 faia

196 1108 328 1167 manent
350 1102 463 1181 culpas
486 1101 584 1166 etiam
608 1102 668 1166 sub
685 1101 778 1166 Orco.
818 1103 947 1184 Optime
971 1103 1162 1171 conveniret
1176 1102 1394 1168 Eumenidum

195 1204 345 1290 (Κηρῶν)
384 1205 509 1271 inumeri
543 1204 711 1286 Sophoclis
744 1205 944 1291 μετάδρομοι
979 1213 1082 1273 κακῶν
1117 1205 1396 1290 πανουργημάτων

199 1308 336 1396 ἄφυκτοι
359 1308 448 1387 κύνες
471 1309 537 1396 (ΕΙ.
565 1311 672 1395 1387).

280 1410 364 1480 Utro
388 1418 516 1495 spectet
539 1414 674 1479 Hesiodi
702 1415 829 1501 νηλειής
852 1414 989 1499 (Theog.
1008 1415 1085 1500 770)
1110 1453 1149 1462 -
1174 1416 1216 1480 ad
1240 1417 1327 1494 ἔλεος
1351 1437 1395 1482 arr

194 1519 236 1584 ad
266 1519 402 1602 ἀλέομαι
427 1558 466 1565 -
491 1519 668 1585 diiudicare
699 1520 816 1586 nescio.
863 1520 928 1585 Sed
959 1520 1113 1602 quidquid
1143 1520 1395 1602 interpretando

193 1623 389 1689 deuotione
417 1622 579 1702 effeceris,
612 1649 638 1687 a
666 1623 871 1703 productioni
900 1622 1055 1689 metricae
1085 1623 1197 1688 deberi
1227 1622 1286 1687 tibi
1317 1642 1393 1688 con-

192 1725 372 1792 cedendum
396 1726 468 1792 erit.
503 1727 586 1790 Nam
609 1731 782 1807 utrumque
798 1726 909 1812 νηλεής
931 1727 1018 1792 inter
1033 1727 1172 1792 alteram
1195 1726 1394 1808 tertiamque

191 1830 337 1914 syllabas
361 1830 525 1914 digamma
541 1829 688 1907 amisisse
712 1830 779 1896 dixi
802 1835 836 1896 et
858 1831 965 1896 media
988 1831 1110 1898 vocalis
1134 1837 1170 1897 ut
1188 1831 1222 1895 in
1245 1833 1395 1917 *vetastis-

192 1934 293 2000 sicin
317 1933 469 2021 ’νᾱλεμξς
493 1953 596 2015 aeque
620 1939 740 2000 natura
763 1922 872 2001 brevis
896 1941 978 2000 erat.
1002 1935 1033 1999 b.
1056 1936 1087 1999 h.
1115 1935 1197 2000 Ven.
1222 1937 1285 2000 246
1317 1935 1392 2000 rba-

191 2038 285 2119 psodi
319 2057 463 2104 errorem
497 2056 638 2119 agnosco
677 2037 732 2117 qui
766 2056 806 2102 ex
841 2057 946 2118 prava
980 2037 1161 2103 imitatione
1196 2037 1278 2117 epici
1312 2057 1394 2103 usus

190 2180 233 2189 —-
266 2143 361 2208 haim
396 2160 474 2207 usus
512 2141 598 2207 forte
635 2140 768 2207 fortuna
803 2141 921 2208 accidit
956 2150 992 2207 ut
1022 2142 1136 2207 unicus
1172 2140 1246 2207 test‘
1290 2141 1393 2226 (Po.)-

191 2245 354 2312 Hesiodus
377 2251 522 2311 aetatem
545 2245 658 2310 tulerit
682 2284 721 2290 -
745 2246 991 2327 productionem
1008 2246 1041 2311 in
1065 2245 1266 2311 nominativo
1290 2265 1391 2311 maso.

190 2349 263 2416 fem.
300 2351 340 2415 ob
374 2348 605 2415 necessitatem
640 2349 842 2415 admittentis
877 2352 998 2436 νηλειές
1034 2351 1158 2433 lingere
1193 2367 1293 2415 ausus
1329 2356 1391 2414 est.

190 2453 327 2520 Hesiodi
360 2472 488 2534 quoque
522 2453 648 2539 νηλειής
681 2453 853 2519 imitatoris
888 2460 1058 2537 peccatum
1092 2473 1165 2520 esse
1203 2454 1393 2536 suspicatur

189 2557 288 2624 Suhle
319 2557 374 2643 (de
405 2559 435 2623 h.
459 2559 490 2623 h.
515 2558 563 2622 IV
594 2562 638 2634 εἰς
670 2557 867 2644 Ἀφροδίτην
896 2559 998 2641 Stolp.
1028 2578 1136 2641 progr.
1164 2560 1246 2623 1878
1276 2577 1307 2638 p.
1335 2558 1391 2640 10)

189 2662 250 2728 nisi
273 2660 370 2727 fallor
391 2661 477 2727 iusto
504 2661 649 2727 calidius.

222 2812 396 2820 ...nm

189 2884 231 2941 ef.
259 2884 342 2940 etiam
369 2887 469 2942 Kaibel
496 2905 537 2943 nr.
570 2896 632 2955 145,
665 2897 736 2956 lsq.
778 2888 821 2942 Ad
849 2887 1105 2953 interpretationem
1132 2884 1272 2952 volgatam
1300 2885 1391 2960 (ἦμαρ

190 2974 321 3040 *vualteri
340 2989 411 3042 quae
434 2975 500 3029 mihi
519 2975 692 3031 subabsurda
710 2975 819 3029 videtur
843 2972 1045 3028 defendendam
1071 2970 1196 3026 sulficere
1214 2985 1303 3039 neque
1323 2973 1391 3028 Hes.

188 3057 290 3129 Theop.
310 3067 360 3114 lot
380 3064 472 3127 νηλεὲς
492 3060 558 3134 ἦτορ
578 3066 649 3133 ἔχων
667 3064 786 3130 (Ἀίδης),
805 3059 905 3115 Kaibol
919 3076 959 3116 nr.
976 3065 1036 3126 alo,
1049 3067 1064 3111 l
1078 3055 1173 3124 (Ἄιδος
1194 3060 1290 3112 οἶκτον
1309 3065 1391 3114 αἰτο-

187 3154 351 3217 στρίφτται,
376 3147 474 3202 Horat.
492 3165 513 3202 c.
532 3149 559 3202 ll
578 3155 602 3217 3,
622 3155 654 3202 24
674 3149 722 3203 ‘nil
741 3148 895 3202 miserantis
915 3145 986 3199 Orci'
1006 3161 1093 3214 neque
1111 3143 1210 3198 Kaibel
1231 3160 1272 3201 ur.
1291 3150 1354 3212 340,
1377 3155 1387 3199 1

187 3235 351 3301 ripollense
369 3240 467 3307 μοῖρα,
487 3250 527 3291 nr.
547 3234 622 3287 aleb
646 3241 661 3286 3
689 3246 777 3308 μοῖρα
806 3235 981 3300 relectiones
1013 3234 1067 3297 (nr.
1093 3236 1157 3296 566,
1182 3236 1197 3280 8
1227 3235 1387 3302 νηλεόθομι

187 3321 304 3392 Χάρων)
323 3322 368 3374 uix
388 3331 430 3375 est
447 3337 496 3375 cur
515 3337 648 3376 moneam.

260 3412 278 3472 ¹)
298 3406 339 3461 Ol.
368 3408 451 3462 etiam
487 3403 611 3476 Append.
641 3405 758 3461 Planud.
787 3422 827 3461 ur.
859 3411 920 3471 138,
953 3413 961 3456 ι
999 3406 1196 3475 δυσικφύκτως
1231 3413 1388 3474 opturet,—

182 3502 277 3568 χέρας.
299 3524 328 3534 -
350 3494 608 3562 interpretationem
628 3493 766 3560 volgatam
785 3492 831 3545 vix
850 3492 917 3546 satis
942 3493 1045 3545 tuearis
1073 3491 1174 3545 collato
1198 3490 1264 3546 Hes.
1283 3491 1387 3560 Theop.

186 3587 236 3636 638
250 3583 433 3652 (aurelianos
446 3583 506 3636 δτιδ
522 3583 660 3653 δεσμῶν);
680 3597 744 3635 nam
757 3581 780 3635 si
793 3581 853 3648 quia
866 3580 946 3633 huius
959 3579 1104 3634 locutionis
1120 3587 1261 3633 auctorem
1275 3579 1387 3635 Homeri

185 3668 275 3723 verbis
296 3673 370 3735 νηλέι
391 3670 486 3740 δεσμῷ
504 3685 649 3737 perperam
669 3666 815 3723 intellectis
834 3667 861 3720 iu
880 3681 998 3720 errorem
1018 3672 1136 3720 tractum
1151 3681 1211 3720 esse
1228 3666 1387 3721 coniecerit.

185 3771 238 3823 quo
258 3755 339 3810 modo
351 3755 469 3811 refutem
488 3773 541 3812 non
555 3757 651 3811 habeo.
672 3786 703 3795 —
725 3755 911 3824 Lycophronis
931 3755 1023 3808 animo
1036 3753 1235 3808 obversabatur
1253 3754 1324 3807 Piud
1353 3756 1386 3812 N.

186 3843 196 3894 l
221 3849 253 3896 15
279 3845 399 3916 μα’ρφας
425 3845 563 3913 (ἶφάκτοις
586 3849 686 3915 χερσίν
705 3840 749 3910 (ci,
772 3845 802 3894 ἐν
822 3843 975 3910 trudmari
999 3842 1090 3911 χερῶν
1117 3835 1170 3895 εἷλε
1192 3840 1245 3895 θεά
1269 3842 1387 3911 δεσμοῖς

186 3927 250 3982 Eur.
280 3928 338 3988 Alc,
368 3934 437 3994 934).
479 3929 608 3996 Neglexit
633 3929 684 3983 hoc
714 3928 926 3982 vetustissimum
959 3927 1143 3981 testimonium
1171 3943 1225 3993 quo
1253 3927 1386 3981 librorum

185 4015 297 4068 Pindari
316 4018 451 4083 scriptura
470 4015 648 4070 confirmatur
663 4015 755 4083 Bergk
779 4017 914 4086 α’φύκτως
936 4014 1071 4067 coniciens
1096 4029 1178 4082 quam
1202 4016 1386 4081 suspicionem

184 4100 351 4168 paraphrasi
375 4101 547 4170 comprobari
574 4101 754 4155 confidentius
772 4100 961 4168 pronuntiavit
979 4115 1060 4167 quam
1081 4100 1177 4154 verius.
1214 4101 1282 4154 Cum
1302 4118 1386 4169 supra

183 4205 209 4255 p.
232 4194 278 4241 iol
305 4188 426 4244 Pindaro
453 4189 495 4246 01.
521 4189 558 4242 Vl
583 4196 615 4242 43
635 4189 736 4244 collato
757 4189 815 4242 loco
840 4186 976 4241 simillimo
1004 4186 1386 4258 Νυτο,135φυγδνδδῑν’

183 4273 335 4342 redderem,
357 4276 434 4330 licuit
452 4290 531 4330 versu
556 4275 744 4345 Lycophronis
769 4280 819 4328 942
848 4273 980 4344 ἐκφυγών
1009 4275 1113 4334 oderas
1142 4289 1220 4342 quem
1250 4284 1281 4328 ut
1309 4291 1388 4328 caco·

182 4361 302 4427 phoniae
338 4361 440 4414 crimen
478 4361 611 4415 diluerem
649 4361 730 4414 attuli
768 4360 886 4413 fortasse
922 4375 972 4424 pro
1014 4360 1169 4413 testimonio
1207 4361 1388 4428 incorruptae

182 4448 307 4504 iectionis
326 4449 375 4506 uti.
