2956 5040
695 213 932 277 —198-

214 406 299 489 fugit
321 405 560 488 grammaticos.
570 406 594 490 ¹)
626 405 731 469 Ιλννιό
755 421 839 483 quae
854 401 998 468 Hesiodo
1023 402 1142 468 dicitur
1160 401 1320 488 οάλομένη
1344 402 1411 468 Ari·

214 511 367 592 stophani
396 510 512 575 eadem
542 509 636 575 audit
665 507 788 573 κάκιστ’
823 504 1026 592 ἀπολουμένη
1056 508 1144 573 Plut.
1176 511 1261 590 4563
1293 513 1329 574 et
1357 528 1411 589 pro

214 616 378 681 homerica
392 615 556 680 locutione
579 615 722 700 γαστέρα
748 611 923 698 οάλομένην
946 613 964 699 ἢ
989 612 1091 678 πολλὰ
1115 613 1184 677 κάκ’
1211 611 1411 696 ἀνθρώποισι

216 723 348 787 δι’διοοιν
370 720 545 802 Euripides
568 719 662 803 frgm.
687 723 750 785 915
781 710 850 804 (ubi
874 740 905 786 v.
929 718 1067 785 Nauckii
1090 719 1220 801 adnot.;
1252 719 1295 784 cf.
1319 718 1411 784 Mein.

214 846 327 892 comm.
343 827 391 891 IV
406 826 486 909 403)
509 826 591 889 haec
612 825 714 889 habet
734 824 837 890 isdem
858 824 927 890 iere
950 823 1060 891 verbis
1086 827 1248 905 concepta
1272 823 1292 910 ἦ
1317 829 1413 899 κακῶς

216 928 371 1014 ὀλουμένη
395 926 532 1014 γαστὴρ,
559 926 615 1014 ἀφ’
641 919 677 1013 ἧς
702 926 740 1014 δὴ
766 928 870 993 πάντα
894 931 1036 1013 γίγνεται
1059 927 1150 993 κακά.

303 1035 383 1100 Cum
419 1031 571 1098 vocativo
604 1028 755 1111 οάλὸμενε
789 1031 844 1111 qui
878 1037 929 1097 est
962 1031 1110 1114 graviter
1143 1031 1349 1114 indignantis
1382 1041 1412 1097 et

215 1144 332 1207 acerbe
356 1138 559 1222 obiurgantis
583 1137 630 1221 (Ξ
646 1138 702 1222 84)
726 1136 956 1217 comparentur
979 1137 1129 1218 exempla
1145 1137 1258 1217 qualia
1281 1139 1411 1218 praebet

216 1245 454 1327 Aristophanes
484 1245 547 1311 Ar.
577 1246 659 1308 1467
692 1235 729 1321 (ὦ
759 1241 883 1306 κάκιστ’
912 1241 1140 1324 ἀπολούμενος)
1171 1243 1299 1308 Eccles.
1335 1246 1410 1310 rebe

216 1345 251 1434 (τά
276 1350 399 1415 κάκιστ’
424 1349 638 1434 ἀπολουμένη)
664 1350 747 1413 1076
775 1339 813 1425 (ολ
837 1351 939 1424 κακῶς
963 1344 1205 1429 ἀπολούμεναι).

303 1456 483 1534 Postquam
512 1452 546 1517 in
577 1450 785 1517 execratione
816 1449 915 1516 etiam
937 1451 1047 1517 futuro
1071 1451 1175 1518 locum
1200 1471 1276 1518 esse
1300 1473 1410 1537 cogno-

216 1560 338 1641 vimuS,
370 1558 488 1624 Kaibel
510 1577 559 1623 nr.
584 1559 648 1623 336
672 1554 828 1620 adhibere
850 1554 960 1620 licebit
983 1556 1025 1621 ad
1056 1555 1321 1639 Clytaemestrae
1351 1559 1409 1640 cpi·

215 1642 330 1731 theton
363 1662 560 1729 homericum
599 1659 758 1744 οάλομὲνη
795 1658 1033 1724 illustrandum.
1080 1659 1187 1724 Huius
1226 1661 1314 1726 enim
1352 1662 1411 1744 epi·

215 1768 406 1852 grammatis
429 1767 462 1832 in
486 1765 682 1831 memoriam·
697 1762 886 1847 Aphrodisii
913 1763 1080 1829 cuiusdam
1110 1763 1226 1846 scripti
1256 1769 1412 1832 verensi

216 1879 251 1939 et
273 1892 302 1954 q.
328 1892 352 1939 s.
378 1872 424 1938 sic
448 1873 641 1937 decurrunt:

407 1978 521 2042 drp'omo
542 1974 566 2028 δ’
585 1975 756 2048 οἰκτροτάτῳ
775 1976 893 2045 θανάτῳ
914 1975 962 2028 dcci
983 1974 1032 2042 τὴν
1052 1976 1157 2045 ἄλοχόν
1175 1996 1234 2044 μου

442 2067 621 2134 κλεψίγαμυν
639 2065 756 2136 μιεράν,
775 2061 809 2129 ἣν
829 2069 894 2134 περὶ
914 2061 986 2122 Ζεὺς
1006 2065 1106 2119 ὀλέσει·

408 2152 512 2216 ταύτην
531 2149 587 2223 γὰρ
607 2151 727 2218 λα’θριος
746 2156 870 2220 γτιμέτης
889 2149 995 2220 καίμόν
1012 2157 1097 2221 γένος
1117 2151 1222 2219 αῖσχτάν

340 2278 342 2281 -
445 2232 500 2297 ilii
517 2258 555 2307 με
575 2237 644 2308 κάφ’
664 2231 756 2303 ὕψους
776 2238 957 2307 ἀισκοβόλησε
977 2245 1051 2292 νέον.

216 2329 397 2396 Enuntiato
413 2327 553 2394 relativo
571 2327 609 2412 ἣν
625 2327 699 2409 περὶ
711 2324 794 2403 Ζεὺς
811 2323 913 2392 ὀλέσει
931 2326 1158 2408 gravissimam
1175 2327 1414 2393 execrationem

216 2433 360 2512 mulieris
376 2433 537 2498 scelestae
553 2431 734 2497 continenti
750 2431 905 2497 universa
921 2431 1086 2496 sententia
1101 2431 1170 2497 fere
1193 2431 1274 2497 nihil
1290 2439 1415 2498 mutata

217 2539 416 2605 substituere
452 2535 558 2617 possis
589 2534 796 2617 participium
821 2533 1006 2621 ἀλοομέυην.
1049 2535 1149 2600 Vides
1183 2535 1287 2617 igitur
1323 2555 1416 2617 quam

217 2650 330 2727 aptum
349 2641 506 2707 indiderit
526 2640 637 2722 epicns
660 2646 759 2720 poeta
782 2641 1041 2723 Clytaemestrae
1057 2640 1151 2706 uxori
1174 2639 1271 2704 simili
1295 2641 1416 2706 scelere

217 2748 362 2830 pollutae
393 2746 561 2828 epitheton
591 2744 763 2832 οὐλομένης
791 2745 828 2830 (ιλ
848 2748 889 2811 92
918 2749 1012 2826 ‘quae
1036 2763 1109 2810 sese
1132 2745 1303 2827 praestitit
1327 2745 1417 2823 ἀξιόν

219 2851 421 2937 ὀλέθρου’).’)

305 2958 399 3041 Quod
421 2956 568 3038 plurimis
591 2956 670 3022 locis
687 2955 741 3037 qui
766 2953 936 3036 οάλὸμινος
959 2954 1114 3020 exhibent
1129 2955 1297 3020 sententia
1321 2955 1416 3021 etiam

219 3060 360 3127 activam
394 3060 558 3125 notionem
590 3059 783 3141 ‘perniciosi'
813 3059 930 3140 recipit
960 3059 1039 3124 nihil
1069 3058 1195 3124 mirum.
1249 3060 1336 3126 Nam
1366 3060 1417 3141 qui

218 3185 297 3232 vere
335 3172 386 3231 est
421 3165 591 3249 οάλόμενος
628 3186 687 3232 seu
725 3166 843 3249 dignus
881 3164 1089 3230 execratione
1125 3164 1183 3230 illa
1220 3166 1417 3248 gravissima

220 3269 319 3348 ‘citroq
343 3269 507 3357 ὀλέθρου,
539 3273 730 3354 plerumque
761 3270 883 3351 aliquid
914 3268 1097 3352 ‘perniciosi
1129 3267 1224 3334 ἀλοοῦ
1256 3268 1416 3356 ἀλεθρτόυ’

218 3377 440 3458 perpetravit,
473 3384 510 3442 ut
538 3377 626 3442 haud
656 3376 766 3456 inepte
797 3375 868 3457 ipse
900 3373 1111 3456 ‘perniciosus
1143 3372 1234 3451 ἀλοός
1258 3373 1417 3460 ἀλένριοξ

219 3479 282 3545 dici
309 3481 453 3565 queat.³)
498 3481 563 3546 Sed
589 3481 664 3546 hinc
695 3480 736 3545 de
765 3480 890 3545 formae
922 3478 1092 3561 οάλόμενος
1122 3498 1204 3546 vera
1233 3484 1356 3547 natum
1386 3488 1418 3546 et

220 3585 345 3668 origine
368 3585 539 3666 quicquam
563 3584 644 3649 effici
671 3602 769 3665 posse
797 3601 859 3663 quo
884 3582 987 3649 Curtii
1016 3583 1182 3648 sententia
1212 3589 1418 3651 sustentetur

293 3811 311 3877 ¹)
330 3818 439 3880 γίνεται
460 3809 519 3864 ἀπὸ
540 3812 590 3863 τοῦ
616 3811 670 3864 ἀλῶ
700 3813 787 3865 ὀλέσω
816 3812 955 3880 ὀλουμένη
981 3816 1027 3863 καὶ
1053 3812 1083 3864 ἐν
1108 3811 1312 3884 ὑπερβιβαομῴ
1337 3813 1416 3866 οὐλο-

219 3906 291 3970 μένη
312 3901 392 3966 epim.
414 3901 503 3973 Crem.
522 3902 575 3956 An.
595 3898 645 3955 Ox.
664 3899 677 3951 1
696 3904 760 3967 315,
779 3905 827 3951 el:
854 3899 897 3952 his
916 3897 989 3966 quod
1011 3897 1084 3952 inest
1106 3897 1163 3950 veri
1182 3895 1265 3952 hodie
1284 3897 1419 3952 immerito

220 3987 312 4041 solent
330 3987 483 4055 neglegere.

291 4074 714 4140 1)Ιλοοοολίουυιοιἱιυίλολουοτυ
733 4091 812 4128 uuum
837 4075 883 4142 qui
908 4075 1063 4144 ocildpruoc
1087 4072 1192 4128 formae
1214 4081 1346 4129 naturam
1365 4088 1418 4127 non

220 4159 275 4213 iarn
304 4163 475 4228 perspectam
503 4159 645 4215 habebant
676 4168 703 4214 et
732 4169 827 4214 contra
854 4165 973 4215 veterem
1004 4159 1229 4215 consuetudinem
1259 4162 1327 4215 hinc
1357 4159 1419 4214 inde

220 4247 373 4314 peccabant
392 4255 421 4303 nt
439 4264 492 4315 par
511 4250 598 4303 estin
617 4248 773 4302 definienda
791 4250 885 4302 nativa
903 4250 1044 4317 participii
1062 4257 1200 4316 potestate
1219 4266 1273 4304 non
1293 4265 1366 4304 curo.

293 4339 312 4403 Β)
331 4335 415 4389 Velut
434 4335 505 4389 alter
523 4343 605 4404 poeta
623 4339 693 4402 App.
712 4334 790 4390 Plan.
812 4341 875 4402 136,
901 4342 913 4388 1
944 4335 1070 4392 Medeam
1100 4339 1187 4392 ολοάν
1212 4345 1309 4405 vocat,
1337 4353 1417 4406 quam

222 4426 294 4479 alter
316 4430 379 4492 131,
400 4431 415 4477 5
433 4425 471 4478 ita
491 4432 637 4479 execratur
664 4429 738 4497 (ἔρρε
767 4430 813 4476 καὶ
844 4427 874 4477 ἐν
902 4425 976 4496 κηρῷ
1001 4425 1200 4492 mandendae),
1226 4433 1335 4480 ut'euo
1361 4427 1418 4480 iure

220 4513 385 4568 sceleratam
404 4528 516 4566 uxorem
535 4513 617 4567 etiam
638 4514 795 4581 ουλομένην
814 4512 903 4566 dicere
922 4512 1051 4581 potuerit.
