2956 5018
677 207 913 269 —408-

197 400 295 464 miror
332 397 419 478 apud
453 397 629 460 Homerum
664 411 828 472 nunquam
867 393 991 458 formae
1025 393 1208 476 bisyllabae
1248 395 1390 461 vocalem

197 501 353 566 initialem
384 498 519 580 produci
550 497 628 582 (non
657 495 798 561 occurrit
822 488 915 579 οὔρος
946 497 998 562 vel
1030 495 1115 580 οὔρε’
1146 498 1231 576 quod
1264 497 1391 563 invenio

199 606 298 686 Orph.
323 605 416 685 frgm.
435 606 485 682 81,
510 606 529 668 3
554 601 637 665 Abel
662 600 679 686 ἢ
705 599 795 665 πόλλ’
821 598 905 678 οὔρε’
930 600 994 683 ἔχει
1020 599 1111 685 nrt),
1137 600 1262 666 sedne
1288 600 1394 685 οὔρεος

198 709 326 789 quidem
357 707 545 789 genetivum
576 706 641 770 ullo
671 705 741 769 loeo
768 704 800 769 in
830 703 936 769 medio
959 704 1025 786 legi
1048 723 1156 770 verau.
1183 709 1200 783 ζ
1226 709 1290 771 102
1314 706 1393 771 enirn

479 815 522 875 οὔρ
544 809 569 860 δ’
585 814 714 878 Ἄρτεμις
734 810 789 861 εἰσι
810 807 869 860 καί
889 811 987 876 οὔρεος
1006 815 1143 880 ἰοχέαιρα,

199 920 271 966 eum
294 899 434 963 Dianam
456 915 521 962 non
545 896 744 961 descendere
768 895 993 961 dementibus
1018 934 1058 942 —
1085 895 1230 978 σοορνόν
1258 896 1321 981 γὰρ
1351 896 1396 962 δι’

195 1006 347 1085 ’Ἄρτεμις
371 1001 453 1067 ὔοεο
469 1001 611 1065 κάτεισιν
628 1039 677 1080 -,
702 1001 759 1064 sed
776 1019 835 1080 per
858 1006 1021 1064 montosa
1041 1000 1192 1082 nymphis
1208 1001 1395 1067 comitatam

200 1108 349 1191 vagam)
372 1107 546 1185 insequens
569 1123 684 1171 versus
708 1103 852 1169 ostendit

446 1210 460 1275 ἦ
481 1207 551 1262 aare}
575 1207 716 1278 Τηΰγετον
735 1209 925 1279 περιμήκετον
944 1206 957 1272 ἢ
978 1210 1169 1277 Ἐρύμανθον,

201 1306 351 1382 praestat
380 1317 451 1362 eum
484 1301 577 1378 parte
611 1294 755 1360 codicum
786 1294 882 1375 οὔρεα
913 1294 1072 1376 seribere,
1104 1314 1176 1361 cum
1204 1298 1398 1376 praesertim

202 1404 245 1468 ad
281 1403 405 1467 hiatum
443 1401 476 1466 in
514 1399 659 1465 bucolica
696 1399 777 1463 satis
815 1398 1017 1464 tolerabilem
1055 1399 1228 1464 delendum
1269 1421 1399 1467 versum

202 1513 362 1572 mutatum
397 1524 469 1569 esse
508 1502 661 1585 proclivis
700 1502 743 1567 sit
776 1501 917 1583 suspicio
957 1503 1101 1587 (Ahrens
1134 1503 1218 1568 Phil.
1253 1505 1302 1570 Vl
1333 1504 1399 1589 33).

204 1611 251 1676 ef.
276 1611 374 1675 etiam
398 1609 438 1673 de
462 1609 576 1672 eadem
600 1607 708 1672 Diana
729 1607 760 1670 h.
784 1607 815 1670 h.
832 1605 946 1670 XXVI
969 1607 990 1670 4
1013 1603 1099 1688 (κατ’
1123 1605 1198 1691 ὔρρ)
1222 1612 1258 1672 et
1284 1612 1316 1673 Φ
1337 1610 1401 1674 48ὔ

204 1713 289 1798 (κατ’
315 1711 436 1796 οὔρεα),
461 1711 539 1775 Eur.
557 1710 680 1775 Phoen.
701 1712 757 1775 151
778 1708 863 1791 (κατ’
887 1706 1006 1794 ὔρη),’)
1030 1710 1098 1774 ΑΡ.
1116 1711 1253 1792 171268,
1271 1715 1293 1778 3
1317 1712 1401 1796 (κατ’

205 1818 304 1900 ὅρος),
328 1815 450 1896 Vergil.
475 1817 557 1879 Aen.
582 1814 685 1878 1498
709 1813 783 1896 (per
798 1812 900 1897 iuga),
925 1814 1011 1878 unde
1035 1813 1153 1879 dieitur
1177 1813 1402 1902 οὔρεοιίροιεες

205 1921 418 2006 (Christodor.
439 1923 517 2000 3063
542 1939 572 1984 v.
594 1919 726 1983 Cornut.
751 1918 801 1983 ed.
825 1919 922 1999 Lang
944 1936 971 1983 c.
988 1917 1044 2003 34)
1068 1916 1230 2002 ὀρειβῦεος
1253 1919 1401 2004 (Dilthey

204 2028 264 2091 Rh.
289 2026 332 2089 M.
358 2023 454 2088 XXV
477 2024 551 2103 328,
575 2022 620 2106 3).
667 2021 767 2086 Adm'
792 2019 852 2108 ὔρη
878 2021 1003 2111 διᾴοοει
1028 2020 1125 2103 Soph.
1151 2021 1219 2087 ΟΒ.
1245 2024 1320 2089 208.

293 2130 366 2193 Hae
396 2127 436 2193 de
460 2125 688 2193 observatione
719 2145 784 2206 qua
809 2126 919 2210 οὔρεος
945 2128 987 2192 ab
1010 2127 1153 2191 Homero
1180 2145 1348 2207 nunquam
1371 2128 1402 2192 in

205 2233 344 2299 medium
379 2250 509 2296 uersum
540 2228 669 2294 admitti
703 2228 872 2294 didicimus
903 2236 940 2294 ut
969 2235 1058 2294 reete
1088 2228 1265 2294 aestimare
1295 2230 1402 2310 liceat

206 2361 246 2406 ex
280 2338 516 2404 recentioribus
549 2338 667 2401 nubem
703 2334 925 2416 exemplorum
959 2333 1125 2416 congessi,
1166 2334 1253 2399 unde
1288 2343 1403 2415 poetas

206 2464 284 2510 casu
307 2443 340 2508 in
370 2443 432 2507 hac
461 2461 497 2505 re
529 2440 643 2504 ductos
674 2436 864 2518 saepissime
887 2437 920 2502 in
943 2437 976 2502 id
1003 2436 1147 2502 incidere
1169 2436 1346 2520 intellegas
1369 2446 1404 2502 ut

208 2549 318 2632 οὔρεος
340 2547 373 2611 in
397 2545 462 2610 alia
485 2550 584 2623 atque
606 2542 639 2608 in
664 2541 768 2623 prima
791 2542 972 2608 hexametri
995 2541 1073 2606 sede
1097 2540 1286 2606 adhibeant.

294 2659 329 2719 Λ
353 2654 413 2716 297
440 2650 576 2732 ὔιιεραέϊ
598 2648 661 2732 (γρ.
686 2647 766 2726 ὑπὲρ
792 2646 902 2731 οὔρεος
925 2665 1097 2728 perperam
1120 2646 1236 2732 schol.)

294 2759 324 2822 h.
342 2758 373 2821 11.
398 2757 432 2821 Π
449 2757 522 2820 231.
546 2754 598 2820 ΙΙΙ
616 2756 657 2818 69
682 2751 722 2817 δι’
748 2750 859 2836 οὔρεος
881 2751 939 2837 (δι’
964 2750 1080 2839 ὄρεσφι
1096 2752 1260 2817 H0merlls
1278 2758 1311 2816 K
1331 2752 1404 2838 185)

294 2864 325 2927 h.
349 2861 380 2925 h.
404 2860 521 2924 XVIII
545 2861 582 2923 ‘21
612 2857 719 2940 οὔρεος
747 2855 809 2943 η’χή

294 2967 325 3030 11.
346 2965 377 3029 11.
402 2964 418 3029 Ι
445 2966 505 3028 139
530 2961 600 3048 ῥιόν
625 2961 735 3044 οὔρεος

296 3068 419 3134 Gallim.
443 3065 483 3130 11.
508 3068 571 3131 215
594 3065 647 3150 (0.
672 3065 849 3130 Schneider
872 3065 906 3129 II
929 3064 1009 3149 460)
1034 3061 1088 3127 ἀπ’
1113 3061 1224 3145 οὔρεος

296 3171 458 3237 Theocrit.
482 3171 529 3235 IV
553 3172 605 3236 35.
630 3171 646 3234 Ι
671 3173 709 3235 77
736 3168 790 3234 ἀπ’
814 3168 913 3254 εὔρεος

295 3280 357 3358 Ap.
381 3275 485 3341 Rhod.
509 3276 526 3340 I
550 3277 623 3340 989.
648 3275 682 3339 II
708 3276 790 3340 1258
815 3272 870 3338 ἀπ’
895 3271 1005 3355 οὔρεος

297 3383 358 3463 Ap.
390 3381 493 3445 Rhod.
526 3380 541 3443 I
575 3381 657 3444 1108
694 3377 806 3460 οὔρεος
841 3377 942 3462 ἄκρην
975 3372 1135 3461 (κορυφὴν
1169 3372 1277 3456 ὔρεος,
1319 3374 1408 3458 ὔρεος

209 3488 332 3573 κορυφή
358 3485 489 3567 saepius
513 3483 601 3564 apud
624 3481 816 3567 Homerum)

296 3593 358 3672 Ap.
394 3589 497 3655 Rhod.
533 3588 579 3653 IV
614 3589 679 3652 444
717 3586 787 3651 κατ’
824 3583 935 3667 οὔρεος
973 3582 1058 3666 (κατ’
1094 3581 1210 3668 ὔρεοφι
1245 3583 1409 3649 Homerus

210 3703 242 3762 A
263 3698 336 3760 45⁸2.
360 3700 396 3759 A
418 3694 482 3757 493
505 3690 598 3756 iuxta
620 3688 690 3753 κατ’
716 3688 827 3773 οὔρεα)

297 3799 371 3863 EM.
396 3800 447 3876 81,
474 3798 510 3860 11
537 3793 648 3878 (Mein.
673 3795 735 3858 An.
760 3792 811 3857 Al.
838 3792 913 3876 168)
938 3789 987 3855 ἐπ’
1012 3789 1123 3872 οὔρεος
1146 3787 1353 3871 ιῦμβώνεοσιν

298 3901 466 3983 6111111ξο1.
491 3900 559 3963 ΑΡ.
583 3898 648 3962 VII
671 3901 744 3978 636,
772 3900 786 3961 1
813 3895 881 3961 κατ’
908 3894 1018 3978 οὔρεος

296 4007 391 4071 Dion.
416 4004 544 4085 Perieg.
569 4005 642 4068 694.
668 4004 741 4067 773.
766 4002 839 4066 786.
864 4001 927 4064 978
952 3997 1006 4063 ἀπ’
1032 3996 1141 4079 οὔρεος

297 4110 390 4175 Dion.
415 4107 543 4189 Perieg.
570 4107 653 4170 1146
677 4101 740 4169 ἀπὸ
766 4102 794 4166 δ’
819 4101 930 4184 οὔρεος

282 4302 304 4362 ¹)
324 4302 407 4351 Amet
427 4302 456 4350 ἐν
476 4299 589 4367 οὔρεσιν
608 4296 769 4361 ἑψιάασθαι
791 4291 859 4346 Call.
880 4291 906 4345 11.
927 4291 1007 4346 Dian,
1029 4295 1053 4346 3.

283 4390 302 4448 ²)
320 4384 361 4440 ef.
381 4383 482 4437 similes
501 4383 575 4436 locos
595 4381 732 4436 Theocrit.
753 4380 764 4432 1
786 4385 843 4436 123.
871 4378 922 4431 Vll
942 4383 983 4431 el.
1004 4382 1045 4429 92.
1073 4375 1138 4428 Vlll
1157 4381 1181 4428 e.
1213 4375 1322 4430 Pratin.
1346 4384 1368 4445 1,
1387 4384 1410 4428 4.

211 4479 257 4528 Ar.
277 4474 385 4527 Thesm.
406 4477 465 4525 eee.
