2940 5026
554 182 792 254 -159-

65 376 223 460 exempla
245 377 378 460 collegit
400 377 522 443 Olemrn
552 376 609 463 (de
632 376 819 460 compositis
848 374 976 461 graecis
1004 393 1089 458 quae
1112 396 1133 444 a
1160 375 1271 447 verbis

63 483 238 565 incipiunt
253 482 328 568 30):
363 500 404 549 ex
426 482 571 548 Homero
595 480 792 569 dioscoridem
816 481 1042 561 ἑλκεσίπεπλος
1064 486 1272 570 ταμεσίχρως

64 588 357 678 φαεσᾲιβροτος.1)

158 739 340 823 ἐνεσιέργος
371 756 442 803 cum
474 757 494 803 a
523 755 659 803 numero
690 735 851 820 dactylico
882 736 1090 828 abhorreret,
1122 735 1155 800 in
1186 739 1271 802 ἐννε-

64 847 201 928 σιέργος
224 862 245 908 a
267 841 374 924 poetis
398 846 557 907 mutatum
581 847 642 925 est,
666 843 752 908 unde
778 841 916 925 proclivi
938 860 1050 908 errore
1070 841 1273 928 ’ἐντεσιεργίς

62 948 139 1015 fleri
162 946 312 1030 potuisse
335 965 429 1012 nemo
452 946 598 1030 negabit.

156 1093 294 1161 Rationi
326 1112 348 1161 a
376 1093 524 1160 Nauckio
557 1093 660 1159 initae
689 1092 723 1158 id
756 1111 885 1175 quoque
918 1095 1031 1161 obstat
1064 1093 1151 1176 quod
1183 1094 1274 1161 haud

64 1201 136 1267 scio
165 1219 211 1266 an
241 1198 435 1265 Theocriteo
467 1197 655 1285 ἅνυσιέργος
678 1195 806 1263 omnino
829 1217 894 1264 non
916 1197 1056 1264 ionicum
1083 1198 1273 1286 ἠνυσίεργος

64 1305 273 1389 respondere
306 1304 461 1388 potuerit.
514 1303 677 1370 Videntur
711 1300 796 1366 ellim
831 1300 1018 1388 ἄνυσιέργος
1052 1301 1273 1391 ὠλεσίκαρπος

71 1439 90 1476 κ
121 1412 186 1477 sto
213 1409 399 1488 ὥλεσιόικος
428 1409 546 1475 Aesch.
570 1407 661 1491 Sept
685 1407 749 1472 703
773 1442 814 1451 -
838 1404 926 1484 quod
953 1404 1102 1472 imitatur
1131 1408 1272 1475 comicus

72 1535 136 1582 sno
170 1515 398 1582 dnwircr'omov
434 1512 635 1600 perpetuast)
670 1507 922 1594 praepositionis
956 1510 1144 1578 accessione
1177 1531 1272 1579 socco

70 1621 315 1687 accommodato
354 1657 395 1667 —
436 1625 471 1686 et
507 1618 581 1702 ipsa
622 1617 753 1686 vocales
795 1618 972 1700 productas
1014 1620 1097 1686 soli
1138 1627 1272 1688 metro

67 1724 236 1805 debero.³)
265 1752 290 1789 ω
311 1723 346 1789 iu
369 1720 493 1803 disca,
523 1723 614 1790 cuius
636 1724 708 1790 loco
732 1749 769 1788 ov
792 1722 939 1796 vocalem
962 1729 1135 1810 expectes,
1165 1727 1272 1809 possis

66 1828 235 1911 suspicari
257 1848 299 1895 ex
321 1827 436 1895 aoristi
458 1827 563 1895 ὤλεσα
586 1828 725 1912 perfecti
748 1827 853 1897 ὄλωλα
882 1830 1132 1911 compositorum
1155 1833 1274 1921 ἐξώλης

67 1933 222 2021 πανώλης
252 1932 407 2017 analogia
439 1939 557 2016 postea
585 1929 712 2002 illatum
747 1953 830 2002 esse.
880 1935 974 2001 Haec
1008 1937 1049 2002 de
1085 1935 1273 2024 ἀνυσιέργος

66 2044 103 2105 et
125 2043 207 2106 cett.
228 2037 337 2121 opinio
360 2038 389 2104 si
403 2057 485 2107 vera
500 2044 561 2122 est,
585 2040 689 2107 Jonas
712 2059 841 2123 quoque
864 2038 1051 2127 ἀνυσίεργος
1067 2039 1101 2126 (i.
1119 2061 1147 2107 e.
1164 2043 1272 2108 ἄνυσί-

67 2142 213 2230 εργοςγ)
240 2142 362 2210 dixisse
384 2143 523 2225 putandi
544 2149 631 2228 sunt,
656 2164 751 2226 quam
774 2144 910 2212 formam
933 2164 955 2213 a
977 2146 1084 2229 poetis
1106 2146 1141 2212 in
1163 2143 1274 2213 bracl-

68 2276 165 2335 εργος
187 2252 348 2315 mutatam
371 2267 390 2314 e
412 2248 649 2330 rhapsodorum
675 2250 825 2317 manibus
846 2250 1075 2317 intemeratam
1098 2270 1273 2320 evasuram

66 2373 169 2436 quam
204 2353 239 2419 in
273 2350 462 2441 ffvuoe'apyoc
496 2352 551 2439 (cf.
586 2358 695 2420 iumen
733 2353 941 2442 η’λιτόμηνος)
975 2354 1138 2423 abituram
1171 2355 1273 2423 fuisse

67 2458 274 2543 probabilius
297 2457 393 2546 est.⁵)
1360 2451 1361 2455 ’

158 2598 211 2665 ne
246 2600 468 2687 aestatuum
501 2596 588 2678 quot
620 2596 743 2680 legitur
772 2604 804 2664 n
833 2600 897 2665 aaa
933 2552 995 2666 rot
1032 2628 1045 2665 t
1080 2601 1122 2665 22
1156 2608 1174 2665 r
1207 2602 1272 2667 316

67 2777 281 2787 ————-—-—-

142 2879 163 2947 1)
183 2875 276 2931 Sicubi
299 2877 380 2932 haim
404 2875 508 2932 ordinis
534 2874 686 2943 composita
711 2889 744 2929 ca
772 2889 845 2942 quae
863 2896 877 2929 τ
896 2883 1042 2932 sanarunt
1064 2886 1272 2950 enumerantur,

68 2982 154 3021 unum
174 2964 199 3020 si
216 2963 287 3019 benc
305 2964 417 3020 memini
435 2963 513 3018 deest
530 2969 560 3018 et
576 2961 604 3016 id
617 2960 727 3031 quidem
746 2961 809 3017 sliir
821 2963 924 3018 certius
942 2966 1104 3036 ἄρτιμπής,
1121 2967 1194 3035 quod
1211 2983 1272 3023 curn

69 3052 208 3107 adiectivo
225 3053 325 3125 ἄρτιος
343 3050 413 3105 nihil
431 3065 575 3106 commune
592 3048 697 3104 habere
715 3047 795 3104 docet
821 3050 941 3106 notionis
960 3049 1146 3119 discrepantia
1164 3057 1202 3120 (x
1221 3059 1270 3108 281

69 3139 210 3209 ἀρτιεπὴς
228 3144 275 3192 καὶ
296 3141 449 3199 ἐπίκλοπος
467 3138 573 3208 μύθων
590 3134 637 3191 ubi
654 3136 826 3192 Aristonicus
845 3131 889 3191 ὅτι
909 3139 959 3193 οὐκ
979 3141 1010 3193 ἰν
1027 3141 1134 3210 ἐπαίνῳ
1153 3140 1169 3194 ὖ
1188 3142 1272 3215 ἄρτι-

69 3229 148 3294 επῆς.
170 3257 201 3266 -
222 3230 303 3287 592.
328 3231 420 3280 8240
442 3226 529 3295 ἄρτια
553 3224 668 3295 βάζειν).
705 3222 785 3291 Quod
808 3239 870 3278 uum
896 3223 982 3292 probe
1008 3223 1191 3280 intellexisset
1218 3241 1272 3280 van

69 3314 240 3370 Herwardcn
260 3316 377 3384 (quaest.
396 3313 510 3381 spicat
528 3311 597 3380 eleg.
616 3313 661 3379 116)
679 3318 708 3366 Χ
725 3316 775 3365 281
796 3312 954 3381 corruptela
972 3312 1102 3368 laborare
1119 3312 1273 3383 suspicatus

68 3411 127 3471 eut,
163 3400 212 3457 uod
242 3401 283 3456 nil
312 3401 483 3459 anundum.
526 3401 702 3475 πῐρ-τῌεπής
733 3398 802 3469 (rud.
834 3420 869 3473 αρ
902 3400 930 3454 iu
961 3402 1108 3474 dpupium
1138 3400 1187 3455 lat.
1214 3405 1272 3461 arsi

67 3488 212 3560 sptiscime
230 3489 332 3544 dicitur
348 3489 395 3558 qui
413 3488 581 3554 τεκτοσύνης
600 3489 694 3543 ἐπέων
717 3487 784 3554 (ΔΡ.
804 3487 857 3541 VlI
878 3493 941 3557 159,
961 3491 988 3557 8)
1011 3479 1117 3557 peritus
1134 3487 1218 3544 rerba
1236 3487 1272 3541 ad

67 3591 128 3631 rem
147 3575 353 3631 accommodate
371 3575 451 3644 quusi
469 3576 638 3649 α’ραρίσκειν
663 3576 802 3646 ἁρμόζειν
825 3578 947 3642 (ἐπέων,
971 3582 1100 3636 τέκτονες
1120 3567 1168 3628 οἷα
1185 3581 1272 3646 σοφοὶ

68 3661 206 3737 ἅρμοσαν
223 3664 301 3718 Pind.
322 3663 365 3719 Ol.
383 3663 425 3717 lli
446 3663 506 3731 118)
531 3663 667 3734 contuear
685 3662 808 3732 (ψεύδεα
832 3665 847 3716 λ
866 3665 927 3731 866)
945 3662 1062 3716 ‘struere
1079 3661 1172 3729 fdgen'
1191 3661 1272 3728 sciton

67 3753 143 3822 qnod
162 3753 191 3806 in
210 3755 483 3821 utramquepartem
502 3749 557 3805 dici
577 3765 659 3817 posse
676 3760 891 3804 consentaneum
917 3754 961 3803 cat
984 3746 1028 3815 (cf,
1047 3747 1112 3802 Hos.
1130 3746 1272 3813 Theogou.

69 3846 113 3896 ²⁹.
132 3845 166 3893 ut
180 3842 241 3908 ru).
266 3837 427 3907 Comparari
445 3843 536 3904 potest
555 3837 670 3906 ψευδῶν
688 3839 872 3907 συγκολλητής
893 3843 923 3892 et
940 3834 976 3891 ad
990 3835 1125 3911 dpurmir
1144 3833 1272 3889 adiectivi

70 3929 212 3983 notionem
233 3942 320 3995 prope
338 3924 445 3982 accedit
466 3924 582 3992 Vergilii
601 3922 688 3978 ‘fandi
705 3922 785 3978 fictor
806 3922 911 3978 Ulixes’
936 3924 1015 3989 (Aen.
1035 3923 1076 3978 lx
1097 3926 1168 3990 602).

140 4017 163 4083 ²)
181 4013 293 4068 Baikor
310 4017 362 4067 An.
382 4018 424 4080 11,
448 4018 480 4066 lo
498 4037 531 4056 ει
549 4011 628 4066 Koclr
647 4026 744 4070 comm.
761 4011 804 4066 ill
823 4018 873 4066 boo
892 4010 973 4079 irgm.
993 4017 1053 4065 848.

140 4105 163 4173 ·)
183 4104 348 4175 ὀλεσίθηρος
367 4101 463 4168 Eurip.
481 4099 585 4157 Phoen.
604 4105 663 4157 664.

138 4196 162 4259 ⁴)
180 4191 400 4263 drvcaepctrrpor
418 4187 486 4243 lien.
507 4189 605 4258 cyrop.
624 4188 637 4241 I
656 4193 681 4255 o,
699 4191 742 4241 21.

139 4281 161 4347 ι)
181 4277 211 4332 Si
229 4276 290 4346 quir
308 4283 399 4330 tamen
418 4282 515 4330 contra
534 4274 635 4331 dixerit
658 4277 753 4330 dirca-
776 4271 872 4329 ἃνυσι·
896 4276 1018 4344 (procu)
1043 4274 1095 4329 hoc
1119 4273 1192 4329 libro
1216 4290 1272 4330 non

62 4375 142 4423 recte
162 4366 254 4420 locum
273 4364 418 4430 invenisse,
437 4360 485 4416 sad
503 4361 594 4430 potius
612 4359 675 4415 libri
693 4360 776 4429 primi
794 4359 878 4439 esuriri
902 4360 992 4428 primo
1010 4360 1158 4416 inscrenda
1177 4359 1272 4427 fuisse,

61 4455 141 4514 haud
162 4455 203 4509 ita
218 4451 395 4506 vehementer
413 4447 578 4505 reluctator.
