<?xml version="1.0" encoding="UTF-8"?>
<!DOCTYPE html PUBLIC "-//W3C//DTD XHTML 1.0 Transitional//EN"
    "http://www.w3.org/TR/xhtml1/DTD/xhtml1-transitional.dtd">
<html xmlns="http://www.w3.org/1999/xhtml" xml:lang="en" lang="en">
 <head>
  <title>
</title>
<meta http-equiv="Content-Type" content="text/html;charset=utf-8" />
  <meta name='ocr-system' content='tesseract 3.04.00' />
  <meta name='ocr-capabilities' content='ocr_page ocr_carea ocr_par ocr_line ocrx_word'/>
</head>
<body>
  <div class='ocr_page' id='page_1' title='image "./quaestionesepca00schugoog_0012.png"; bbox 0 0 2940 5026; ppageno 0'>
   <div class='ocr_carea' id='block_1_1' title="bbox 140 895 1308 1050">
    <p class='ocr_par' dir='ltr' id='par_1_1' title="bbox 140 895 1308 1050">
     <span class='ocr_line' id='line_1_1' title="bbox 180 895 372 949; baseline -0.01 0"><span class='ocrx_word' id='word_1_1' title='bbox 180 895 372 949; x_wconf 84' lang='lat' dir='ltr'><strong>Prohoemium</strong></span> 
     </span>
     <span class='ocr_line' id='line_1_2' title="bbox 140 976 1308 1050; baseline -0.006 -14"><span class='ocrx_word' id='word_1_2' title='bbox 140 984 161 1039; x_wconf 87' lang='lat'><strong>1.</strong></span> <span class='ocrx_word' id='word_1_3' title='bbox 181 984 222 1036; x_wconf 88' lang='lat' dir='ltr'><strong>Da</strong></span> <span class='ocrx_word' id='word_1_4' title='bbox 240 981 411 1050; x_wconf 78' lang='lat' dir='ltr'><strong>syllabarum</strong></span> <span class='ocrx_word' id='word_1_5' title='bbox 431 978 585 1046; x_wconf 82' lang='lat' dir='ltr'><strong>quantitate</strong></span> <span class='ocrx_word' id='word_1_6' title='bbox 605 976 747 1043; x_wconf 81' lang='lat' dir='ltr'>analogice</span> <span class='ocrx_word' id='word_1_7' title='bbox 766 984 871 1031; x_wconf 77' lang='lat' dir='ltr'><strong>mutata</strong></span> <span class='ocrx_word' id='word_1_8' title='bbox 908 1021 1219 1036; x_wconf 84' lang='grc'><strong>,,,,,,,,</strong></span> <span class='ocrx_word' id='word_1_9' title='bbox 1278 990 1308 1037; x_wconf 80' lang='lat' dir='ltr'><strong>lo</strong></span> 
     </span>
    </p>
   </div>
   <div class='ocr_carea' id='block_1_2' title="bbox 109 1064 1309 1221">
    <p class='ocr_par' dir='ltr' id='par_1_2' title="bbox 109 1064 1309 1221">
     <span class='ocr_line' id='line_1_3' title="bbox 124 1064 1309 1133; baseline 0 -14"><span class='ocrx_word' id='word_1_10' title='bbox 124 1067 159 1123; x_wconf 89' lang='lat'><strong>11.</strong></span> <span class='ocrx_word' id='word_1_11' title='bbox 178 1068 219 1122; x_wconf 85' lang='lat' dir='ltr'><strong>Do</strong></span> <span class='ocrx_word' id='word_1_12' title='bbox 238 1088 278 1130; x_wconf 82' lang='grc' dir='ltr'><strong>αι,</strong></span> <span class='ocrx_word' id='word_1_13' title='bbox 298 1086 335 1130; x_wconf 82' lang='grc' dir='ltr'><strong>οι,</strong></span> <span class='ocrx_word' id='word_1_14' title='bbox 355 1085 381 1120; x_wconf 82' lang='grc' dir='ltr'><strong>ει</strong></span> <span class='ocrx_word' id='word_1_15' title='bbox 399 1082 449 1133; x_wconf 84' lang='lat' dir='ltr'><strong>pro</strong></span> <span class='ocrx_word' id='word_1_16' title='bbox 468 1087 495 1127; x_wconf 81' lang='lat' dir='ltr'><strong>o,</strong></span> <span class='ocrx_word' id='word_1_17' title='bbox 516 1084 541 1128; x_wconf 85' lang='lat' dir='ltr'><strong>o,</strong></span> <span class='ocrx_word' id='word_1_18' title='bbox 561 1084 573 1119; x_wconf 85' lang='grc' dir='ltr'><em>ε</em></span> <span class='ocrx_word' id='word_1_19' title='bbox 592 1064 701 1131; x_wconf 82' lang='lat' dir='ltr'><strong>scriptis</strong></span> <span class='ocrx_word' id='word_1_20' title='bbox 732 1105 1221 1123; x_wconf 85' lang='grc'><strong>............</strong></span> <span class='ocrx_word' id='word_1_21' title='bbox 1277 1075 1309 1121; x_wconf 75' lang='lat'><strong>40</strong></span> 
     </span>
     <span class='ocr_line' id='line_1_4' title="bbox 109 1149 1221 1221; baseline 0.001 -15"><span class='ocrx_word' id='word_1_22' title='bbox 109 1154 158 1210; x_wconf 84' lang='lat' dir='ltr'><strong>Ill.</strong></span> <span class='ocrx_word' id='word_1_23' title='bbox 177 1154 219 1206; x_wconf 82' lang='lat' dir='ltr'><strong>De</strong></span> <span class='ocrx_word' id='word_1_24' title='bbox 238 1151 407 1221; x_wconf 77' lang='lat' dir='ltr'><strong>syllabarum</strong></span> <span class='ocrx_word' id='word_1_25' title='bbox 427 1150 650 1218; x_wconf 79' lang='lat' dir='ltr'><strong>productionibus</strong></span> <span class='ocrx_word' id='word_1_26' title='bbox 669 1166 738 1218; x_wconf 88' lang='lat' dir='ltr'><strong>quae</strong></span> <span class='ocrx_word' id='word_1_27' title='bbox 757 1149 888 1217; x_wconf 79' lang='lat' dir='ltr'><strong>digammi</strong></span> <span class='ocrx_word' id='word_1_28' title='bbox 912 1154 984 1206; x_wconf 82' lang='lat' dir='ltr'><strong>iuter</strong></span> <span class='ocrx_word' id='word_1_29' title='bbox 1008 1152 1116 1207; x_wconf 82' lang='lat' dir='ltr'><strong>vocales</strong></span> <span class='ocrx_word' id='word_1_30' title='bbox 1140 1154 1221 1221; x_wconf 84' lang='lat' dir='ltr'><strong>positi</strong></span> 
     </span>
    </p>
   </div>
   <div class='ocr_carea' id='block_1_3' title="bbox 112 1236 1307 1392">
    <p class='ocr_par' dir='ltr' id='par_1_3' title="bbox 112 1236 1307 1392">
     <span class='ocr_line' id='line_1_5' title="bbox 181 1236 1307 1306; baseline 0.003 -16"><span class='ocrx_word' id='word_1_31' title='bbox 181 1255 232 1306; x_wconf 85' lang='lat' dir='ltr'><strong>ope</strong></span> <span class='ocrx_word' id='word_1_32' title='bbox 250 1236 363 1293; x_wconf 80' lang='lat' dir='ltr'><strong>effectae</strong></span> <span class='ocrx_word' id='word_1_33' title='bbox 382 1237 531 1291; x_wconf 81' lang='lat' dir='ltr'><strong>creduntur</strong></span> <span class='ocrx_word' id='word_1_34' title='bbox 558 1277 1219 1298; x_wconf 87' lang='grc'><strong><em>................</em></strong></span> <span class='ocrx_word' id='word_1_35' title='bbox 1275 1247 1307 1295; x_wconf 79' lang='lat'><strong>52</strong></span> 
     </span>
     <span class='ocr_line' id='line_1_6' title="bbox 112 1322 1305 1392; baseline 0.001 -14"><span class='ocrx_word' id='word_1_36' title='bbox 112 1326 157 1382; x_wconf 80' lang='lat' dir='ltr'><strong>lV,</strong></span> <span class='ocrx_word' id='word_1_37' title='bbox 182 1325 222 1378; x_wconf 91' lang='lat' dir='ltr'><strong>De</strong></span> <span class='ocrx_word' id='word_1_38' title='bbox 240 1325 377 1392; x_wconf 83' lang='lat' dir='ltr'><strong>digamma</strong></span> <span class='ocrx_word' id='word_1_39' title='bbox 396 1325 423 1376; x_wconf 93' lang='lat' dir='ltr'><strong>iu</strong></span> <span class='ocrx_word' id='word_1_40' title='bbox 443 1322 539 1377; x_wconf 84' lang='lat' dir='ltr'><strong>mediis</strong></span> <span class='ocrx_word' id='word_1_41' title='bbox 558 1323 697 1377; x_wconf 86' lang='lat' dir='ltr'><strong>vocabulis</strong></span> <span class='ocrx_word' id='word_1_42' title='bbox 716 1331 779 1390; x_wconf 85' lang='lat' dir='ltr'><strong>post</strong></span> <span class='ocrx_word' id='word_1_43' title='bbox 797 1340 930 1379; x_wconf 89' lang='lat' dir='ltr'><strong>consonas</strong></span> <span class='ocrx_word' id='word_1_44' title='bbox 949 1326 1083 1381; x_wconf 85' lang='lat' dir='ltr'><strong>collocato</strong></span> <span class='ocrx_word' id='word_1_45' title='bbox 1126 1368 1132 1380; x_wconf 88' lang='lat'><strong>.</strong></span> <span class='ocrx_word' id='word_1_46' title='bbox 1276 1334 1305 1380; x_wconf 77' lang='lat' dir='ltr'><strong>&#39;li</strong></span> 
     </span>
    </p>
   </div>
   <div class='ocr_carea' id='block_1_4' title="bbox 633 1495 781 1554">
    <p class='ocr_par' dir='ltr' id='par_1_4' title="bbox 633 1495 781 1554">
     <span class='ocr_line' id='line_1_7' title="bbox 633 1495 781 1554; baseline 0.027 -4"><span class='ocrx_word' id='word_1_47' title='bbox 633 1495 722 1551; x_wconf 80' lang='lat' dir='ltr'><strong>biber·</strong></span> <span class='ocrx_word' id='word_1_48' title='bbox 739 1496 781 1554; x_wconf 92' lang='lat'><strong>11.</strong></span> 
     </span>
    </p>
   </div>
   <div class='ocr_carea' id='block_1_5' title="bbox 481 1618 1303 1686">
    <p class='ocr_par' dir='ltr' id='par_1_5' title="bbox 481 1618 1303 1686">
     <span class='ocr_line' id='line_1_8' title="bbox 481 1618 1303 1686; baseline 0.002 -14"><span class='ocrx_word' id='word_1_49' title='bbox 481 1619 527 1672; x_wconf 88' lang='lat' dir='ltr'><strong>De</strong></span> <span class='ocrx_word' id='word_1_50' title='bbox 546 1618 771 1686; x_wconf 84' lang='lat' dir='ltr'><strong>productione</strong></span> <span class='ocrx_word' id='word_1_51' title='bbox 789 1620 934 1674; x_wconf 81' lang='lat' dir='ltr'><strong>metrica</strong></span> <span class='ocrx_word' id='word_1_52' title='bbox 1257 1627 1303 1675; x_wconf 73' lang='grc'><strong>137</strong></span> 
     </span>
    </p>
   </div>
   <div class='ocr_carea' id='block_1_6' title="bbox 139 1723 1215 1792">
    <p class='ocr_par' dir='ltr' id='par_1_6' title="bbox 139 1723 1215 1792">
     <span class='ocr_line' id='line_1_9' title="bbox 139 1723 1215 1792; baseline 0.002 -18"><span class='ocrx_word' id='word_1_53' title='bbox 139 1723 159 1779; x_wconf 84' lang='lat' dir='ltr'><strong>l.</strong></span> <span class='ocrx_word' id='word_1_54' title='bbox 177 1723 218 1776; x_wconf 88' lang='lat' dir='ltr'><strong>De</strong></span> <span class='ocrx_word' id='word_1_55' title='bbox 226 1724 366 1776; x_wconf 80' lang='lat' dir='ltr'><strong>vocabulis</strong></span> <span class='ocrx_word' id='word_1_56' title='bbox 376 1739 446 1791; x_wconf 85' lang='lat' dir='ltr'><strong>quae</strong></span> <span class='ocrx_word' id='word_1_57' title='bbox 457 1724 491 1776; x_wconf 93' lang='lat' dir='ltr'><strong>ob</strong></span> <span class='ocrx_word' id='word_1_58' title='bbox 502 1723 621 1776; x_wconf 84' lang='lat' dir='ltr'><strong>brevium</strong></span> <span class='ocrx_word' id='word_1_59' title='bbox 634 1723 802 1791; x_wconf 82' lang='lat' dir='ltr'><strong>syllabarum</strong></span> <span class='ocrx_word' id='word_1_60' title='bbox 813 1724 941 1777; x_wconf 84' lang='lat' dir='ltr'><strong>contiuuo</strong></span> <span class='ocrx_word' id='word_1_61' title='bbox 951 1739 1011 1778; x_wconf 86' lang='lat' dir='ltr'><strong>sese</strong></span> <span class='ocrx_word' id='word_1_62' title='bbox 1022 1725 1215 1792; x_wconf 79' lang='lat' dir='ltr'><strong>excipientium</strong></span> 
     </span>
    </p>
   </div>
   <div class='ocr_carea' id='block_1_7' title="bbox 111 1811 1305 2223">
    <p class='ocr_par' dir='ltr' id='par_1_7' title="bbox 111 1811 1305 2052">
     <span class='ocr_line' id='line_1_10' title="bbox 178 1811 1305 1876; baseline 0.003 -15"><span class='ocrx_word' id='word_1_63' title='bbox 178 1825 319 1864; x_wconf 89' lang='lat' dir='ltr'><strong>numerum</strong></span> <span class='ocrx_word' id='word_1_64' title='bbox 339 1811 390 1864; x_wconf 89' lang='lat' dir='ltr'><strong>nisi</strong></span> <span class='ocrx_word' id='word_1_65' title='bbox 409 1826 536 1864; x_wconf 86' lang='lat' dir='ltr'><strong>mensura</strong></span> <span class='ocrx_word' id='word_1_66' title='bbox 556 1815 663 1864; x_wconf 80' lang='lat' dir='ltr'><strong>mutata</strong></span> <span class='ocrx_word' id='word_1_67' title='bbox 681 1826 775 1864; x_wconf 74' lang='lat' dir='ltr'><strong>veram</strong></span> <span class='ocrx_word' id='word_1_68' title='bbox 793 1811 885 1876; x_wconf 85' lang='lat' dir='ltr'><strong>epious</strong></span> <span class='ocrx_word' id='word_1_69' title='bbox 904 1826 956 1862; x_wconf 91' lang='lat' dir='ltr'><strong>non</strong></span> <span class='ocrx_word' id='word_1_70' title='bbox 977 1811 1129 1866; x_wconf 83' lang='lat' dir='ltr'><strong>admittit.</strong></span> <span class='ocrx_word' id='word_1_71' title='bbox 1166 1855 1172 1866; x_wconf 86' lang='lat'><em>.</em></span> <span class='ocrx_word' id='word_1_72' title='bbox 1211 1855 1216 1867; x_wconf 93' lang='lat'>.</span> <span class='ocrx_word' id='word_1_73' title='bbox 1257 1818 1305 1864; x_wconf 78' lang='lat'><strong>140</strong></span> 
     </span>
     <span class='ocr_line' id='line_1_11' title="bbox 126 1896 1302 1964; baseline 0.003 -17"><span class='ocrx_word' id='word_1_74' title='bbox 126 1896 158 1948; x_wconf 88' lang='lat' dir='ltr'><strong>ll.</strong></span> <span class='ocrx_word' id='word_1_75' title='bbox 179 1897 218 1950; x_wconf 82' lang='lat' dir='ltr'><strong>llo</strong></span> <span class='ocrx_word' id='word_1_76' title='bbox 237 1899 423 1964; x_wconf 84' lang='lat' dir='ltr'><strong>antispasiioia</strong></span> <span class='ocrx_word' id='word_1_77' title='bbox 441 1899 530 1951; x_wconf 78' lang='lat' dir='ltr'><strong>versui</strong></span> <span class='ocrx_word' id='word_1_78' title='bbox 549 1898 657 1950; x_wconf 86' lang='lat' dir='ltr'><strong>heroico</strong></span> <span class='ocrx_word' id='word_1_79' title='bbox 676 1897 854 1963; x_wconf 72' lang='lat' dir='ltr'><strong>productione</strong></span> <span class='ocrx_word' id='word_1_80' title='bbox 874 1897 1087 1951; x_wconf 82' lang='lat' dir='ltr'><strong>accommodatis</strong></span> <span class='ocrx_word' id='word_1_81' title='bbox 1121 1942 1127 1954; x_wconf 90' lang='lat'><strong>.</strong></span> <span class='ocrx_word' id='word_1_82' title='bbox 1166 1944 1170 1954; x_wconf 90' lang='lat'>.</span> <span class='ocrx_word' id='word_1_83' title='bbox 1209 1942 1215 1954; x_wconf 93' lang='lat'>.</span> <span class='ocrx_word' id='word_1_84' title='bbox 1253 1904 1302 1951; x_wconf 67' lang='lat'><strong>252</strong></span> 
     </span>
     <span class='ocr_line' id='line_1_12' title="bbox 111 1982 1216 2052; baseline 0.003 -18"><span class='ocrx_word' id='word_1_85' title='bbox 111 1983 156 2037; x_wconf 92' lang='lat' dir='ltr'><strong>lll.</strong></span> <span class='ocrx_word' id='word_1_86' title='bbox 176 1983 216 2036; x_wconf 79' lang='lat' dir='ltr'><strong>lle</strong></span> <span class='ocrx_word' id='word_1_87' title='bbox 228 1984 344 2052; x_wconf 79' lang='lat' dir='ltr'><strong>syllabis</strong></span> <span class='ocrx_word' id='word_1_88' title='bbox 356 1990 456 2038; x_wconf 78' lang='lat' dir='ltr'><strong>natura</strong></span> <span class='ocrx_word' id='word_1_89' title='bbox 468 1982 594 2037; x_wconf 83' lang='lat' dir='ltr'><strong>brevibus</strong></span> <span class='ocrx_word' id='word_1_90' title='bbox 607 1998 676 2050; x_wconf 83' lang='lat' dir='ltr'><strong>quae</strong></span> <span class='ocrx_word' id='word_1_91' title='bbox 688 1982 778 2049; x_wconf 82' lang='lat' dir='ltr'><strong>longis</strong></span> <span class='ocrx_word' id='word_1_92' title='bbox 791 1984 928 2050; x_wconf 83' lang='lat' dir='ltr'><strong>utrimque</strong></span> <span class='ocrx_word' id='word_1_93' title='bbox 941 1985 1090 2050; x_wconf 79' lang='lat' dir='ltr'><strong>cinguntur</strong></span> <span class='ocrx_word' id='word_1_94' title='bbox 1104 2000 1216 2038; x_wconf 85' lang='lat' dir='ltr'><strong>numero</strong></span> 
     </span>
    </p>

    <p class='ocr_par' dir='ltr' id='par_1_8' title="bbox 176 2068 1303 2137">
     <span class='ocr_line' id='line_1_13' title="bbox 176 2068 1303 2137; baseline 0.002 -15"><span class='ocrx_word' id='word_1_95' title='bbox 176 2068 310 2137; x_wconf 86' lang='lat' dir='ltr'><strong>dactylico</strong></span> <span class='ocrx_word' id='word_1_96' title='bbox 329 2072 432 2137; x_wconf 85' lang='lat' dir='ltr'><strong>aptatis</strong></span> <span class='ocrx_word' id='word_1_97' title='bbox 468 2109 1215 2127; x_wconf 86' lang='grc'><strong><em>..................</em></strong></span> <span class='ocrx_word' id='word_1_98' title='bbox 1253 2078 1303 2125; x_wconf 77' lang='grc' dir='ltr'><strong>2ῖ5</strong></span> 
     </span>
    </p>

    <p class='ocr_par' dir='ltr' id='par_1_9' title="bbox 210 2156 1302 2223">
     <span class='ocr_line' id='line_1_14' title="bbox 210 2156 1302 2223; baseline 0 -14"><span class='ocrx_word' id='word_1_99' title='bbox 210 2156 244 2209; x_wconf 88' lang='lat' dir='ltr'><strong>de</strong></span> <span class='ocrx_word' id='word_1_100' title='bbox 263 2156 453 2223; x_wconf 81' lang='lat' dir='ltr'><strong>praesentibus</strong></span> <span class='ocrx_word' id='word_1_101' title='bbox 472 2158 499 2209; x_wconf 96' lang='lat' dir='ltr'><strong>iu</strong></span> <span class='ocrx_word' id='word_1_102' title='bbox 521 2159 560 2209; x_wconf 77' lang='lat' dir='ltr'><strong>u&#39;w</strong></span> <span class='ocrx_word' id='word_1_103' title='bbox 579 2164 613 2208; x_wconf 74' lang='lat' dir='ltr'><strong>io</strong></span> <span class='ocrx_word' id='word_1_104' title='bbox 643 2195 1213 2210; x_wconf 82' lang='grc'><strong><em>..............</em></strong></span> <span class='ocrx_word' id='word_1_105' title='bbox 1252 2164 1302 2211; x_wconf 84' lang='grc'><strong>309</strong></span> 
     </span>
    </p>
   </div>
   <div class='ocr_carea' id='block_1_8' title="bbox 222 2245 1299 2309">
    <p class='ocr_par' dir='ltr' id='par_1_10' title="bbox 222 2245 1299 2309">
     <span class='ocr_line' id='line_1_15' title="bbox 222 2245 1299 2309; baseline 0.001 -14"><span class='ocrx_word' id='word_1_106' title='bbox 222 2283 235 2309; x_wconf 82' lang='lat'>„</span> <span class='ocrx_word' id='word_1_107' title='bbox 484 2284 496 2308; x_wconf 82' lang='lat'>„</span> <span class='ocrx_word' id='word_1_108' title='bbox 518 2249 555 2296; x_wconf 76' lang='grc' dir='ltr'><strong>ίω</strong></span> <span class='ocrx_word' id='word_1_109' title='bbox 575 2245 618 2296; x_wconf 75' lang='lat' dir='ltr'><strong>‹io›</strong></span> <span class='ocrx_word' id='word_1_110' title='bbox 638 2245 675 2294; x_wconf 83' lang='grc' dir='ltr'><strong>ὀω</strong></span> <span class='ocrx_word' id='word_1_111' title='bbox 727 2281 1214 2296; x_wconf 77' lang='grc'><strong>............</strong></span> <span class='ocrx_word' id='word_1_112' title='bbox 1252 2249 1299 2296; x_wconf 89' lang='grc'><strong>361</strong></span> 
     </span>
    </p>
   </div>
   <div class='ocr_carea' id='block_1_9' title="bbox 621 2413 787 2468">
    <p class='ocr_par' dir='ltr' id='par_1_11' title="bbox 621 2413 787 2468">
     <span class='ocr_line' id='line_1_16' title="bbox 621 2413 787 2468; baseline 0.012 -2"><span class='ocrx_word' id='word_1_113' title='bbox 621 2413 712 2467; x_wconf 78' lang='lat' dir='ltr'><strong>Liber·</strong></span> <span class='ocrx_word' id='word_1_114' title='bbox 729 2413 787 2468; x_wconf 88' lang='lat'>111.</span> 
     </span>
    </p>
   </div>
   <div class='ocr_carea' id='block_1_10' title="bbox 544 2535 860 2589">
    <p class='ocr_par' dir='ltr' id='par_1_12' title="bbox 544 2535 860 2589">
     <span class='ocr_line' id='line_1_17' title="bbox 544 2535 860 2589; baseline -0.006 0"><span class='ocrx_word' id='word_1_115' title='bbox 544 2538 590 2589; x_wconf 89' lang='lat' dir='ltr'><strong>De</strong></span> <span class='ocrx_word' id='word_1_116' title='bbox 610 2550 707 2588; x_wconf 78' lang='lat' dir='ltr'><strong>versu</strong></span> <span class='ocrx_word' id='word_1_117' title='bbox 726 2535 860 2588; x_wconf 79' lang='lat' dir='ltr'><strong>heroico</strong></span> 
     </span>
    </p>
   </div>
   <div class='ocr_carea' id='block_1_11' title="bbox 101 2643 1280 2885">
    <p class='ocr_par' dir='ltr' id='par_1_13' title="bbox 101 2643 1280 2885">
     <span class='ocr_line' id='line_1_18' title="bbox 131 2643 1280 2712; baseline 0.002 -17"><span class='ocrx_word' id='word_1_118' title='bbox 131 2643 151 2698; x_wconf 85' lang='lat' dir='ltr'><strong>l.</strong></span> <span class='ocrx_word' id='word_1_119' title='bbox 170 2650 267 2712; x_wconf 71' lang='grc' dir='ltr'><strong><em>Στίχοι</em></strong></span> <span class='ocrx_word' id='word_1_120' title='bbox 287 2646 425 2712; x_wconf 69' lang='grc' dir='ltr'><strong>ιῖκέᾳολοι</strong></span> <span class='ocrx_word' id='word_1_121' title='bbox 463 2679 1210 2699; x_wconf 71' lang='grc'><strong><em>..................</em></strong></span> <span class='ocrx_word' id='word_1_122' title='bbox 1270 2653 1280 2662; x_wconf 90' lang='grc'><strong>”</strong></span> 
     </span>
     <span class='ocr_line' id='line_1_19' title="bbox 116 2730 1210 2803; baseline 0.003 -22"><span class='ocrx_word' id='word_1_123' title='bbox 116 2730 151 2785; x_wconf 89' lang='lat'><strong>11.</strong></span> <span class='ocrx_word' id='word_1_124' title='bbox 219 2770 236 2792; x_wconf 86' lang='lat'><strong>,‚</strong></span> <span class='ocrx_word' id='word_1_125' title='bbox 284 2735 402 2803; x_wconf 74' lang='grc' dir='ltr'><strong><em>λαγαροί</em></strong></span> <span class='ocrx_word' id='word_1_126' title='bbox 419 2767 1210 2784; x_wconf 82' lang='grc'><strong>...................</strong></span> 
     </span>
     <span class='ocr_line' id='line_1_20' title="bbox 101 2817 1211 2885; baseline -0.002 -16"><span class='ocrx_word' id='word_1_127' title='bbox 101 2817 149 2869; x_wconf 85' lang='lat' dir='ltr'><strong>HI.</strong></span> <span class='ocrx_word' id='word_1_128' title='bbox 218 2857 235 2877; x_wconf 89' lang='lat'><em>„</em></span> <span class='ocrx_word' id='word_1_129' title='bbox 282 2823 413 2885; x_wconf 77' lang='grc' dir='ltr'><strong><em>μείουροι</em></strong></span> <span class='ocrx_word' id='word_1_130' title='bbox 463 2852 1211 2872; x_wconf 82' lang='grc'><strong>..................</strong></span> 
     </span>
    </p>
   </div>
   <div class='ocr_carea' id='block_1_12' title="bbox 624 2985 775 3155">
    <p class='ocr_par' dir='ltr' id='par_1_14' title="bbox 624 2985 775 3155">
     <span class='ocr_line' id='line_1_21' title="bbox 672 2985 722 3042; baseline 0.02 -2"><span class='ocrx_word' id='word_1_131' title='bbox 672 2985 722 3042; x_wconf 81' lang='lat' dir='ltr'><strong>lv.</strong></span> 
     </span>
     <span class='ocr_line' id='line_1_22' title="bbox 624 3088 775 3155; baseline 0.02 -14"><span class='ocrx_word' id='word_1_132' title='bbox 624 3088 775 3155; x_wconf 69' lang='lat' dir='ltr'><strong>Epilogus.</strong></span> 
     </span>
    </p>
   </div>
   <div class='ocr_carea' id='block_1_13' title="bbox 113 3210 1208 3356">
    <p class='ocr_par' dir='ltr' id='par_1_15' title="bbox 113 3210 1208 3356">
     <span class='ocr_line' id='line_1_23' title="bbox 128 3210 1208 3280; baseline 0.001 -15"><span class='ocrx_word' id='word_1_133' title='bbox 128 3214 148 3268; x_wconf 89' lang='lat' dir='ltr'><strong>l.</strong></span> <span class='ocrx_word' id='word_1_134' title='bbox 170 3212 399 3280; x_wconf 80' lang='lat' dir='ltr'><strong>Quaestiunculas</strong></span> <span class='ocrx_word' id='word_1_135' title='bbox 418 3210 596 3280; x_wconf 81' lang='lat' dir='ltr'><strong>prosodiaoae</strong></span> <span class='ocrx_word' id='word_1_136' title='bbox 614 3219 803 3278; x_wconf 78' lang='lat' dir='ltr'><strong>pennatorum</strong></span> <span class='ocrx_word' id='word_1_137' title='bbox 822 3213 965 3267; x_wconf 84' lang='lat' dir='ltr'><strong>institutae</strong></span> <span class='ocrx_word' id='word_1_138' title='bbox 984 3253 1208 3270; x_wconf 87' lang='lat'>......</span> 
     </span>
     <span class='ocr_line' id='line_1_24' title="bbox 113 3299 1208 3356; baseline 0.001 -4"><span class='ocrx_word' id='word_1_139' title='bbox 113 3301 149 3356; x_wconf 80' lang='lat' dir='ltr'><strong>li.</strong></span> <span class='ocrx_word' id='word_1_140' title='bbox 169 3299 364 3353; x_wconf 77' lang='lat' dir='ltr'><strong>conclusiones</strong></span> <span class='ocrx_word' id='word_1_141' title='bbox 417 3339 1208 3355; x_wconf 85' lang='lat'><strong>...................</strong></span> 
     </span>
    </p>
   </div>
   <div class='ocr_carea' id='block_1_14' title="bbox 169 3469 1256 3675">
    <p class='ocr_par' dir='ltr' id='par_1_16' title="bbox 169 3469 1256 3675">
     <span class='ocr_line' id='line_1_25' title="bbox 613 3469 775 3538; baseline 0.025 -16"><span class='ocrx_word' id='word_1_142' title='bbox 613 3469 775 3538; x_wconf 72' lang='lat' dir='ltr'><strong>Eplmetra.</strong></span> 
     </span>
     <span class='ocr_line' id='line_1_26' title="bbox 169 3609 1256 3675; baseline 0.004 -13"><span class='ocrx_word' id='word_1_143' title='bbox 169 3611 328 3665; x_wconf 79' lang='lat' dir='ltr'><strong>Audendo</strong></span> <span class='ocrx_word' id='word_1_144' title='bbox 347 3619 379 3664; x_wconf 80' lang='lat' dir='ltr'><strong>ei</strong></span> <span class='ocrx_word' id='word_1_145' title='bbox 398 3609 596 3675; x_wconf 78' lang='lat' dir='ltr'><strong>corrigenda</strong></span> <span class='ocrx_word' id='word_1_146' title='bbox 634 3650 1205 3668; x_wconf 88' lang='grc'><strong><em>..............</em></strong></span> <span class='ocrx_word' id='word_1_147' title='bbox 1246 3620 1256 3644; x_wconf 75' lang='lat'><em>&#39;</em></span> 
     </span>
    </p>
   </div>
   <div class='ocr_carea' id='block_1_15' title="bbox 633 3780 760 3837">
    <p class='ocr_par' dir='ltr' id='par_1_17' title="bbox 633 3780 760 3837">
     <span class='ocr_line' id='line_1_27' title="bbox 633 3780 760 3837; baseline 0.031 -4"><span class='ocrx_word' id='word_1_148' title='bbox 633 3780 760 3837; x_wconf 81' lang='lat' dir='ltr'><strong>ludloes.</strong></span> 
     </span>
    </p>
   </div>
   <div class='ocr_carea' id='block_1_16' title="bbox 166 3905 1292 4137">
    <p class='ocr_par' dir='ltr' id='par_1_18' title="bbox 166 3905 1292 4137">
     <span class='ocr_line' id='line_1_28' title="bbox 168 3905 1292 3962; baseline 0 -3"><span class='ocrx_word' id='word_1_149' title='bbox 168 3910 199 3962; x_wconf 84' lang='grc' dir='ltr'><strong>Α.</strong></span> <span class='ocrx_word' id='word_1_150' title='bbox 218 3905 418 3960; x_wconf 81' lang='lat' dir='ltr'><strong>Vocabulorum</strong></span> <span class='ocrx_word' id='word_1_151' title='bbox 453 3944 1205 3962; x_wconf 88' lang='grc'><strong>..................</strong></span> <span class='ocrx_word' id='word_1_152' title='bbox 1243 3913 1292 3962; x_wconf 79' lang='grc'><strong>534</strong></span> 
     </span>
     <span class='ocr_line' id='line_1_29' title="bbox 167 3991 1292 4051; baseline -0.001 -5"><span class='ocrx_word' id='word_1_153' title='bbox 167 3991 1292 4051; x_wconf 72' lang='grc' dir='ltr'><strong>Β,Βοτοιοοοῑοοὶ1ἰοοι................553</strong></span> 
     </span>
     <span class='ocr_line' id='line_1_30' title="bbox 166 4082 1291 4137; baseline -0.001 -4"><span class='ocrx_word' id='word_1_154' title='bbox 166 4082 195 4137; x_wconf 84' lang='lat' dir='ltr'><strong>c.</strong></span> <span class='ocrx_word' id='word_1_155' title='bbox 217 4083 348 4135; x_wconf 87' lang='lat' dir='ltr'><strong>Locorum</strong></span> <span class='ocrx_word' id='word_1_156' title='bbox 368 4118 1204 4136; x_wconf 86' lang='grc'><strong><em>....................</em></strong></span> <span class='ocrx_word' id='word_1_157' title='bbox 1243 4083 1291 4132; x_wconf 73' lang='lat' dir='ltr'><strong>ool</strong></span> 
     </span>
    </p>
   </div>
   <div class='ocr_carea' id='block_1_17' title="bbox 167 4229 1291 4287">
    <p class='ocr_par' dir='ltr' id='par_1_19' title="bbox 167 4229 1291 4287">
     <span class='ocr_line' id='line_1_31' title="bbox 167 4229 1291 4287; baseline -0.004 -5"><span class='ocrx_word' id='word_1_158' title='bbox 167 4229 288 4283; x_wconf 83' lang='lat' dir='ltr'><strong>Errata</strong></span> <span class='ocrx_word' id='word_1_159' title='bbox 325 4264 1203 4287; x_wconf 83' lang='grc'><strong>.....................</strong></span> <span class='ocrx_word' id='word_1_160' title='bbox 1241 4229 1291 4277; x_wconf 79' lang='lat' dir='ltr'><strong>bib</strong></span> 
     </span>
    </p>
   </div>
   <div class='ocr_carea' id='block_1_18' title="bbox 591 4398 795 4409">
    <p class='ocr_par' dir='ltr' id='par_1_20' title="bbox 591 4398 795 4409">
     <span class='ocr_line' id='line_1_32' title="bbox 591 4398 795 4409; baseline -0.01 -1"><span class='ocrx_word' id='word_1_161' title='bbox 591 4398 795 4409; x_wconf 52' lang='grc' dir='ltr'><strong>-ψ-</strong></span> 
     </span>
    </p>
   </div>
   <div class='ocr_carea' id='block_1_19' title="bbox 0 0 1474 5026">
    <p class='ocr_par' dir='ltr' id='par_1_21' title="bbox 0 0 1474 5026">
     <span class='ocr_line' id='line_1_33' title="bbox 0 0 1474 5026; baseline 0 8"><span class='ocrx_word' id='word_1_162' title='bbox 0 0 1474 5026; x_wconf 95' lang='lat' dir='ltr'><strong> </strong></span> 
     </span>
    </p>
   </div>
  </div>
 </body>
</html>
