2986 5010
581 182 820 245 —371-

99 373 319 453 πολεμητικῶς
342 368 428 450 ἔχειν
458 367 543 450 (coll.
576 368 707 433 Lobeek
737 369 849 434 Rhem.
883 370 962 434 275:
995 369 1052 433 ‘sie
1082 369 1168 434 ellim
1195 372 1298 437 Verba

100 472 325 539 desiderativa
348 470 504 553 explicari
523 471 639 552 solent,
665 470 849 538 ἀκουσείων·
874 471 1071 550 ἀκονατικώς
1095 474 1176 557 ἔχων
1191 474 1297 556 Hes.’;

99 596 130 643 v.
154 576 243 641 locos
266 594 287 638 a
314 573 587 654 Wackernagelio
610 574 677 638 KZ.
701 574 852 638 XXVIII
878 578 937 639 141
963 575 1161 659 congestos).
1207 576 1297 658 Ergo

98 680 232 745 ὑανῶσα
256 677 469 743 desiderativi
492 677 714 759 participium,
739 679 825 757 quod
848 677 995 759 apprime
1020 677 1174 745 convenit
1196 677 1298 743 totius

98 786 162 850 loci
184 783 290 849 tenori
306 781 511 863 apertissime
527 784 686 848 vocabulo
709 785 972 868 κεκωματισμένρ
987 783 1166 848 illustrato:
1192 782 1298 846 ‘Danu

98 888 240 957 vcrhielt
262 887 309 951 sie
333 886 410 967 sich,
434 886 467 950 in
490 892 580 968 κῶμα
604 886 774 967 vertallen,
798 887 921 953 wieder
944 887 1040 968 ruhig
1063 886 1130 951 und
1152 884 1298 952 verblieb

98 991 131 1056 in
159 991 281 1055 diesem
312 988 489 1054 Zustande'
522 986 730 1071 (‘demeurait
760 988 842 1053 dans
864 989 898 1053 la
921 988 1135 1053 somnolencc'
1164 989 1296 1073 Littre).

99 1094 328 1176 κεκωματίσμη
362 1091 447 1156 enim
480 1091 567 1156 idem
602 1097 653 1156 est
684 1092 771 1171 quod
804 1092 955 1170 ύανῶσα,
996 1091 1023 1156 si
1060 1112 1081 1156 a
1115 1098 1297 1173 temporum

99 1197 293 1265 diversitate
317 1195 515 1260 discesseris,
561 1195 644 1260 Nam
668 1196 756 1277 apud
778 1197 920 1262 medicos
947 1202 1039 1278 κῶμα
1064 1215 1136 1260 esse
1167 1197 1296 1260 ‘krauk-

98 1301 190 1367 hafte
212 1300 287 1366 Nei
295 1318 407 1382 gang
428 1318 502 1364 zum
525 1298 645 1380 Schlaf,
670 1299 933 1383 Schlafsucht'‚
958 1301 1137 1386 νωματώοη
1160 1286 1296 1381 proinde

100 1409 174 1472 ‘von
199 1403 406 1468 Schlafsucht
434 1402 586 1467 befallen'
617 1403 840 1486 lexicographi
870 1406 1046 1487 adnotant;
1079 1406 1142 1470 duo
1173 1423 1297 1486 genera

98 1509 249 1575 distinxit
271 1508 341 1582 (δύο
363 1509 437 1592 γέννγ
460 1513 653 1593 καταφορᾶς
675 1508 696 1572 i.
721 1527 747 1572 e.
773 1509 934 1589 κύματος)
964 1509 1111 1574 Galenus
1143 1510 1216 1591 περὶ
1240 1513 1297 1573 τοῦ

99 1613 176 1696 παρ’
198 1612 398 1696 Ἱπποκράτει
426 1610 574 1693 κώματος
604 1631 630 1675 e.
659 1614 677 1676 2
709 1611 788 1696 (VII
811 1615 875 1678 652
899 1614 980 1698 sq.):
1011 1612 1117 1680 κοινὸν
1145 1616 1205 1694 μὲν
1234 1611 1295 1697 γὰρ

99 1718 292 1802 ἀμφοτέρων
315 1717 414 1794 ἐστὶν,
439 1715 489 1780 ὅτι
512 1717 657 1797 ἐπαίρειν
681 1715 718 1780 ού
734 1716 886 1783 δύνανται
911 1722 984 1796 τούς
1002 1717 1203 1804 ὀφθαλμούς,
1229 1717 1297 1783 ἀλλ’

99 1821 219 1897 εὐθέως
241 1819 438 1903 βαρύνονται
468 1820 525 1884 καί
553 1819 708 1885 ύπνοῦν
738 1823 968 1903 βούλονται
997 1824 1031 1908 (i.
1057 1844 1085 1888 e.
1117 1824 1298 1900 ύπνωτικῶς

98 1928 250 2010 ἔχουσιν)·
276 1924 358 1988 ἴδιον
374 1926 408 1987 δὲ
429 1925 572 2007 θατέρας
589 1923 638 1988 ὅτι
663 1926 696 1988 οἳ
712 1929 772 2007 μὲν
794 1927 948 1993 ύπνούσιν
965 1927 1093 2006 εὐθέως,
1117 1929 1246 2009 βαθέως
1262 1930 1297 1992 δὲ

97 2031 153 2094 καί
167 2028 285 2113 χρόνον
300 2026 399 2091 πολύν
414 2028 561 2111 (ἐγείρειν
576 2029 668 2111 ἔργον
688 2030 729 2094 de
744 2030 795 2094 his
814 2031 936 2096 addere
952 2032 1037 2096 Solet
1052 2031 1295 2115 Hippocrates)·

99 2135 127 2199 oi
154 2138 189 2199 δὲ
212 2132 367 2217 ἄγρυπνοι.
391 2132 613 2217 οτρεφύμενού
633 2135 694 2198 εἰσι
718 2143 783 2198 κτλ.
808 2133 894 2198 Hine
916 2133 1038 2213 aliquid
1062 2133 1196 2198 Homeri
1219 2151 1296 2211 quo·

97 2257 161 2319 que
185 2235 393 2317 explicationi
415 2236 537 2300 lucrari
566 2236 672 2316 possis
703 2255 782 2302 vere
811 2236 990 2318 profuturi,
1021 2237 1116 2302 modo
1144 2256 1185 2302 ne
1209 2239 1298 2318 apud

97 2344 275 2408 Homerum
300 2340 502 2408 obliviscaris
525 2346 657 2421 poetam
680 2340 777 2422 loqui,
800 2340 833 2404 in
856 2340 1037 2421 Epidemiis
1059 2341 1219 2405 medicum
1242 2342 1297 2421 qui

97 2447 245 2513 nativam
276 2450 311 2509 et
337 2444 515 2525 simplicem
546 2443 696 2510 vocabuli
724 2443 790 2510 vim
821 2443 1002 2520 rt‘mvrormoig
1033 2445 1119 2528 ἔχειν
1149 2445 1297 2529 (sommo

96 2550 257 2632 urgueri’,
287 2550 393 2614 ‘miide
416 2549 511 2634 sein)
543 2549 586 2613 ad
616 2554 741 2613 certium
772 2548 912 2628 aliquem
943 2549 1137 2630 aegrotandi
1167 2550 1296 2614 modum

97 2652 315 2719 transtulerit.
345 2652 449 2717 Recte
472 2651 556 2716 enim
572 2651 605 2715 in
628 2651 816 2719 universum
833 2652 978 2717 Galenus
1001 2653 1042 2717 de
1058 2652 1121 2717 alio
1138 2654 1296 2719 vocabulo

97 2777 217 2840 agens:
242 2756 373 2843 καὶγὰρ
399 2760 429 2822 εἰ
450 2758 505 2822 καί
518 2757 663 2839 μάλιστα
686 2757 761 2822 καθ’
778 2756 889 2842 ἑτέρου
913 2757 1101 2844 πράγματος
1117 2762 1229 2823 ἐκεῖνοι
1254 2759 1295 2841 (οὶ

97 2861 191 2925 ἄλλοι
216 2862 366 2936 παλαιοί)
390 2859 531 2943 τοῦνομα
564 2863 735 2948 φέρουσιν,
768 2862 860 2928 οὐδὲν
886 2863 999 2928 κωλύει
1027 2862 1082 2928 τὸν
1103 2862 1296 2949 Ἱπποκράτη

98 2965 317 3050 διαφερόντως
347 2970 504 3050 χρῆσθαι.
557 2966 647 3048 Ergo
678 2969 719 3031 ab
749 2967 951 3049 Hippocrate
982 2968 1097 3033 melius
1127 2987 1225 3048 quam
1255 2971 1296 3033 ab

95 3069 331 3151 interpretibus
361 3069 402 3134 de
432 3069 576 3151 genuina
606 3070 696 3137 vocis
727 3070 862 3136 ὑανώειν
892 3071 1129 3154 significatione
1162 3073 1297 3138 edoctus

97 3175 200 3239 verba
232 3173 418 3250 ὑπνώοντας
455 3175 571 3259 ἐγείρει
608 3173 655 3238 sic
692 3179 804 3241 verto:
846 3175 908 3240 ‘die
945 3176 1067 3241 Mtiden
1103 3175 1297 3255 (ὑπνωτικῶς

97 3279 245 3361 ἔχοντας)
267 3279 377 3343 macht
400 3297 436 3342 er
462 3279 613 3344 munter.'
658 3279 791 3345 Revera
819 3280 885 3344 iam
901 3280 975 3344 ,sint
997 3279 1095 3361 sopiti
1118 3299 1160 3344 an
1183 3280 1295 3345 etiam-

96 3401 183 3447 nunc
206 3401 318 3447 somno
341 3383 544 3448 reluctentur
558 3382 638 3448 nihil
661 3382 810 3467 refert;¹)
834 3382 913 3448 dicit
927 3388 1026 3464 poeta
1048 3384 1296 3448 somnolentiam

96 3485 243 3551 adhibita
266 3486 378 3552 divina
400 3486 457 3551 illa
479 3487 576 3569 virga
590 3486 786 3551 Mercurium
810 3505 906 3567 posse
926 3487 1091 3568 depellere
1115 3479 1158 3551 ὧν
1181 3489 1295 3552 ἐθέλει.

96 3589 183 3672 Quid
205 3589 239 3654 in
262 3590 322 3654 hoc
346 3591 515 3656 enuntiato
539 3589 723 3667 ὑπνώοντας
753 3590 866 3657 valeat
895 3590 992 3656 didici
1022 3592 1063 3655 ab
1093 3589 1295 3671 Hippocrate

96 3699 132 3758 et
155 3692 291 3776 Galerio,
316 3696 394 3776 quid
417 3697 552 3763 verbum
576 3696 701 3781 ἐγείρει,
726 3715 746 3759 a
768 3695 914 3761 Lucieno
939 3726 970 3762 u.
996 3695 1066 3782 ὀρχ.
1091 3698 1149 3761 85;
1175 3695 1253 3779 ὅπερ
1278 3693 1294 3761 ὁ

170 3836 189 3900 ¹)
207 3834 293 3889 Recte
311 3835 395 3888 ctiam
420 3831 455 3886 dc
474 3831 673 3887 dormientibus
699 3835 832 3887 ὑπνώειν·
859 3835 1025 3894 inroranda
1044 3837 1119 3905 ἔχειν
1138 3833 1191 3887 dici
1215 3849 1296 3901 posse

96 3920 269 3975 demonstrat
286 3920 383 3988 Eurip.
402 3921 436 3974 H.
456 3919 508 3976 fur.
523 3927 590 3974 1048
604 3936 643 3989 eq.
662 3921 700 3988 με)
721 3921 771 3975 τὸν
789 3919 861 3975 εὔδι’
880 3920 993 3974 ἰαύονθ’
1015 3921 1147 3975 ὑπνώδεά
1167 3919 1190 3973 ι’
1210 3921 1296 3980 εδνιῖς

96 4012 235 4079 ἐγείρετε,
262 4008 310 4064 ubi
338 4009 468 4073 ὑπνώδης
497 4033 530 4052 =
557 4009 694 4072 δνινώων,
722 4008 792 4062 sicut
819 4008 990 4078 κωματώδης·
1020 4033 1053 4052 =
1078 4009 1195 4062 ύπνῶοα
1222 4008 1296 4074 apud

95 4094 302 4162 Hippocratem.
339 4092 464 4148 Eandem
483 4092 600 4146 vidimus
618 4093 829 4160 ambiguitatem
849 4095 877 4148 in
897 4101 1015 4148 comate:
1041 4096 1092 4147 οὐκ
1111 4098 1184 4164 ἔχεις
1203 4101 1296 4149 εἰπεῖν

95 4188 162 4252 περὶ
182 4183 238 4235 τῶν
257 4186 498 4252 καταφερομένων
517 4174 561 4235 ὅτι
586 4182 785 4253 ἅγρνπνοῠσιν
811 4179 825 4246 ἢ
850 4183 899 4250 pap'·
926 4180 1062 4234 τοσοῦτόν
1090 4200 1123 4250 γε
1145 4181 1204 4251 μὴν
1230 4182 1295 4234 δια-

52 4328 54 4331 .
94 4275 237 4341 φέρουσιν
255 4267 320 4335 (duo
339 4282 442 4336 genera
467 4268 661 4336 καταφοράς),
688 4261 731 4320 ὅτι
756 4271 783 4320 οἱ
805 4269 863 4337 μὲν
886 4271 1001 4326 πλείους
1026 4270 1119 4321 αδιεῦν
1144 4271 1295 4333 ὑπνοῦσιν,

96 4357 189 4425 ὀλίγον
218 4356 248 4409 δὲ
278 4357 334 4408 τῶν
363 4349 450 4413 ούιως
479 4355 600 4424 ἐχόντων
628 4357 774 4425 ἄγρυπνοι
800 4360 948 4425 μένουσιν.
985 4353 1082 4410 Galen.
1106 4355 1139 4410 de
1164 4371 1231 4412 com.
1251 4371 1295 4423 ap.

94 4443 177 4512 Hipp.
196 4460 218 4499 c.
238 4448 253 4494 κ
273 4445 310 4513 (p.
330 4444 400 4509 etl).

1089 4532 1156 4596 24*
