2956 5018
692 219 928 286 -432-

209 406 363 478 ridentur
391 407 532 474 Inveniri
561 427 677 475 versus
700 407 754 489 qui
777 409 818 473 ab
840 408 902 473 hac
925 426 1039 473 norma
1062 405 1144 472 mira
1167 407 1298 473 ratione
1321 427 1402 475 rece-

209 510 298 575 dant.
345 513 376 574 Ψ
403 513 444 576 47
480 511 601 577 desinit
633 513 666 577 in
699 511 784 599 ὄφρα
821 515 932 591 ζωοῖσι
965 512 1081 592 μετείω
1117 509 1249 596 (contra
1282 517 1318 577 X
1345 515 1403 578 388

210 617 338 702 ζῳοῖσιν
369 616 490 697 μετέω,
522 635 617 696 quem
644 621 754 680 tamen
785 633 917 683 versum
940 613 996 679 alii
1026 612 1153 679 cameos
1176 614 1224 679 ita
1252 616 1404 698 scriptun

209 717 363 784 exhibent
396 724 433 784 nt
468 724 502 784 et
535 719 605 800 ipse
635 719 668 783 ln
701 720 818 801 μετείω
853 719 967 800 cadat,
1003 737 1099 799 qnam
1132 717 1307 784 lectionem
1343 739 1402 786 am·

208 824 324 904 plexus
340 829 392 889 est
414 824 525 907 Bergk
548 824 590 889 ad
607 824 772 906 Theogn⁴
796 823 884 907 689).
922 828 942 887 Ι
965 824 1028 887 245
1053 823 1198 904 δέδτοικα
1224 861 1265 868 -
1287 824 1334 910 μή
1356 846 1403 906 sor

209 925 342 1005 ἀπειλὰς
377 931 381 1010 Ι
416 931 606 994 ἐκτελέσωσι
637 930 725 1008 θεοί,
759 928 836 1014 ἡμῖν
871 929 903 993 δὲ
940 926 978 1012 δὴ
1011 927 1143 1009 αἴσιμον
1174 928 1232 1016 cipp.
1279 933 1319 991 Η
1345 929 1405 993 340

209 1034 400 1119 ποιήσομεν,
434 1030 520 1118 ὄφρα
553 1031 594 1096 δι’
626 1030 754 1097 αὐτάων
785 1031 965 1117 ἱππηλασίη
997 1029 1071 1108 ὁδὸς
1093 1031 1141 1120 sija
1164 1029 1219 1095 ubi
1242 1049 1274 1098 V.
1298 1031 1403 1096 Faesi.

208 1138 287 1203 Hes,
320 1136 380 1217 01).
411 1138 474 1202 577
512 1134 632 1220 οἶγινιῐν
661 1135 735 1222 (pro
769 1135 994 1221 imperativo),
1026 1138 1082 1200 ἵνα
1113 1161 1162 1200 τοι
1193 1135 1264 1216 βιός
1300 1132 1406 1218 ἆρκιός

211 1241 267 1332 Sip·
292 1244 356 1306 606
389 1240 508 1325 χόρτον
539 1239 567 1306 τ’
599 1244 770 1323 ἐσκομίσαι
794 1277 833 1286 -
859 1239 946 1326 ὄφρα
978 1267 1026 1306 τοι
1059 1240 1115 1329 εἷῂ.
1151 1238 1213 1303 His
1243 1238 1324 1304 locis
1355 1239 1405 1318 qui

208 1364 320 1411 omnes
351 1345 399 1435 εἰζη
431 1345 554 1411 habent
590 1345 625 1410 in
658 1364 774 1413 versus
809 1346 901 1411 exitu
934 1346 1057 1428 primus
1092 1344 1225 1410 reduxit
1258 1343 1406 1408 coniunc-

207 1450 311 1517 tivum
341 1468 399 1530 pro
431 1449 579 1530 optativo
610 1449 733 1515 tradito
757 1449 796 1514 G.
824 1449 992 1514 Hermann
1023 1447 1099 1532 (Op.
1123 1448 1158 1512 Π
1185 1447 1242 1531 32)
1271 1446 1405 1527 applau-

207 1553 359 1617 dentibus
383 1552 503 1632 multis,
512 1552 538 1637 ¹)
566 1571 638 1617 cum
662 1553 717 1617 ulii
744 1552 889 1618 codicum
913 1552 1142 1618 anctoritatem
1174 1570 1258 1632 qnae
1281 1550 1316 1614 in
1347 1550 1406 1614 hac

207 1675 242 1719 re
266 1655 357 1721 nulla
381 1661 433 1720 est
455 1655 520 1741 (La
543 1657 652 1722 Roche
676 1656 748 1722 HU.
776 1660 836 1721 153
861 1657 924 1741 sq.)
948 1656 1040 1737 sequi
1062 1654 1270 1739 maluerint²)
1293 1653 1406 1734 paucis

207 1777 290 1838 quae
314 1764 348 1823 et
369 1758 443 1840 ipsa
464 1759 571 1824 labem
593 1765 768 1825 traxerunt
790 1760 981 1844 exemplisl)
1011 1759 1087 1824 freti
1111 1777 1208 1839 qnam
1231 1758 1406 1823 restituere

207 1860 293 1941 quod
327 1861 484 1927 sermonis
515 1862 598 1943 epici
628 1863 720 1945 leges
754 1863 957 1946 syntactioae
986 1862 1171 1927 necessario
1203 1861 1406 1945 flagitent;⁴)

207 1984 342 2045 quorum
366 1965 451 2031 ratio
475 1984 513 2031 eo
544 1965 649 2048 magis
673 1966 859 2032 damnanda
889 1967 975 2047 quod
1004 1964 1230 2032 coniunotIvus
1259 1965 1315 2030 εἴω
1343 1983 1406 2030 non

205 2069 239 2135 in
254 2069 433 2136 recentium
449 2070 733 2153 grammaticorum
749 2070 875 2136 officina
891 2089 1058 2152 procusos,
1075 2069 1134 2134 sed
1153 2072 1233 2134 ‘Pil
1250 2069 1407 2135 librorum

206 2192 366 2239 consensu
393 2174 535 2239 traditus
565 2178 625 2239 est.
671 2173 807 2239 Addidit
833 2174 984 2240 Meineke
1014 2174 1110 2260 (Phil.
1135 2174 1233 2239 XXV
1255 2173 1336 2258 540)
1366 2192 1408 2238 ex

206 2276 401 2358 Diogeniani
441 2276 496 2356 qni
531 2276 649 2341 dicitur
686 2275 867 2358 proverbiis
902 2277 986 2342 VIII
1020 2278 1061 2341 22
1097 2277 1192 2343 τίκτει
1231 2301 1280 2340 τοι
1315 2275 1408 2358 κόρος

205 2379 308 2464 ὕβριν,
341 2379 419 2445 ὅταν
446 2387 531 2468 κακῷ
556 2379 649 2462 ἀνδρί
678 2384 804 2470 παρτίῃ,
836 2381 890 2460 qui
920 2399 1036 2447 vorsus
1067 2399 1139 2445 cum
1170 2385 1205 2445 et
1233 2378 1345 2445 Soloni
1375 2385 1409 2445 et

206 2484 389 2565 Theognidi
417 2486 610 2551 obversatus
642 2504 714 2550 esse
744 2485 898 2552 videatur
927 2484 1078 2555 ‘fortasse
1107 2483 1283 2564 antiquiori
1315 2483 1407 2565 epico

206 2588 334 2669 poetae'
366 2588 504 2652 debetur
534 2586 660 2669 (Bergk
695 2588 738 2653 ad
768 2587 934 2670 Theogn‘
967 2588 1053 2670 153).
1088 2587 1234 2668 Theogn.
1264 2588 1330 2651 689
1358 2606 1405 2667 sq.

206 2689 259 2775 (οὐ
274 2688 338 2776 χρὴ
358 2691 537 2775 unguibus,
563 2689 612 2755 ὅτι
627 2689 672 2777 μὴ
698 2691 882 2776 πημαντέον
899 2690 946 2776 εἴη
972 2689 1040 2754 οὐδ’
1057 2691 1160 2773 ἔρδειν
1177 2689 1226 2755 ὅτι
1248 2689 1294 2776 μὴ
1313 2691 1408 2755 λώιον

205 2787 224 2882 ᾗ
248 2792 424 2876 πλέοσιν)
449 2793 497 2882 sija
511 2793 752 2859 coniunctivum
774 2793 978 2860 coniunctivo
994 2788 1014 2883 ᾗ
1030 2795 1190 2876 postulari
1206 2795 1320 2877 Bergk
1336 2796 1407 2861 iure

205 2997 331 3053 omnibus
349 2998 416 3052 locis
435 2997 486 3051 rite
506 2989 663 3064 contracta,
682 3002 778 3052 eontra
797 2999 913 3067 syllabis
938 3000 1035 3055 solutis
1053 3001 1217 3056 coniunctiri
1237 3005 1411 3056 λιτιοττλτΈλ

206 3088 359 3157 τίνχωριλῐλ
382 3085 488 3138 darell!
511 3083 537 3149 (i.
557 3098 580 3140 a.
600 3088 666 3156 451).
704 3084 780 3151 Quae
804 3100 864 3139 cum
891 3087 931 3141 ita
953 3089 1022 3156 sint,
1049 3087 1123 3142 verbi
1148 3088 1315 3144 substantiri
1342 3107 1406 3145 con·

205 3171 352 3225 iunctirnm
370 3170 416 3238 qui
435 3177 534 3238 quater
553 3170 714 3238 (quinquIes)
733 3171 870 3226 invenitur
889 3178 928 3226 El
946 3190 1000 3227 non
1018 3173 1033 3247 ᾗ
1053 3178 1096 3242 (<
1116 3175 1168 3247 ἔῃ),
1193 3173 1242 3228 sed
1266 3176 1361 3242 potius
1380 3178 1409 3231 ελ

205 3261 250 3323 (<
271 3258 332 3327 Ha)
349 3255 601 3312 transscribendum
620 3271 678 3310 esse
697 3265 826 3327 apparet;
852 3260 887 3312 ad
913 3260 1027 3314 eandem
1053 3260 1212 3328 analogiam
1237 3266 1314 3315 ἔοντι
1334 3264 1406 3332 plur.

207 3351 229 3398 Β
255 3349 288 3398 28
316 3344 399 3413 (quod
423 3343 519 3411 Epich.
548 3348 596 3396 115
624 3349 761 3416 napinam
790 3343 909 3398 traditur
940 3362 995 3399 non
1023 3346 1138 3401 multum
1169 3347 1256 3402 hahet
1282 3348 1407 3405 sonasse

205 3433 396 3499 auctoritatis).
432 3431 551 3484 Formae
570 3430 598 3484 ελ
615 3429 797 3496 explicatione
816 3447 872 3484 non
891 3446 959 3498 opus
977 3437 1027 3489 est.

277 3523 298 3586 ι)
318 3535 430 3587 quorum
459 3517 487 3570 in
517 3531 631 3570 numero
658 3524 722 3569 sunt
748 3516 799 3569 riri
826 3517 959 3572 sermonis
987 3520 1079 3587 graeci
1105 3521 1265 3587 peritissimi
1293 3521 1408 3576 Bekker

204 3606 329 3673 Krueger
347 3606 457 3659 dhrens
477 3603 591 3658 Classen
611 3604 704 3671 Bergk
723 3602 826 3657 Nauck.
864 3603 903 3657 ct
923 3604 1007 3659 etiam
1027 3606 1125 3660 Monro
1144 3612 1203 3661 220.
1221 3611 1282 3661 228.

275 3693 296 3756 ¹)
314 3690 426 3745 Curtius
445 3687 526 3743 Verb.
547 3688 586 3741 11¹
607 3693 648 3742 ll.

276 3779 295 3835 ⁸l
314 3776 397 3831 Velut
416 3796 431 3849 ρ
448 3781 500 3829 250
519 3778 618 3846 ἄλφοι,
636 3796 658 3845 μ
676 3780 722 3829 lul
742 3777 888 3847 φύγοιμεν
906 3785 1013 3832 mutare
1033 3795 1086 3833 non
1099 3779 1245 3848 verebitur,
1263 3782 1311 3848 qui
1320 3804 1341 3852 χ
1355 3789 1405 3835 444

203 3862 289 3918 libros
314 3878 364 3930 pro
389 3862 573 3918 ἐκλελάθωντ’
599 3862 715 3918 formam
742 3863 777 3917 ab
802 3865 922 3919 Homero
947 3865 1067 3919 alienam
1091 3866 1135 3930 (G.
1158 3868 1254 3937 Meyer
1277 3874 1287 3905 ¹
1314 3869 1331 3939 §
1355 3875 1407 3922 418

203 3968 229 4020 p.
240 3954 302 4018 lla)
317 3948 507 4004 ἐκλελάθωντ’
516 3948 677 4003 exhibentes
687 3948 715 4001 in
728 3949 873 4005 manifesta
886 3949 984 4004 fraude
995 3950 1164 4018 deprehendi
1174 3955 1308 4009 memoria
1320 3963 1405 4014 tenet.

274 4042 295 4100 ⁴)
314 4036 407 4091 Goeck
426 4035 507 4091 Gebr.
527 4034 575 4090 des
593 4034 676 4102 Konj.
694 4053 720 4090 u.
747 4035 808 4105 Opt.
834 4036 878 4091 bei
902 4037 1004 4090 Homer
1029 4043 1130 4105 (progr.
1156 4038 1297 4109 Malmedp
1328 4044 1405 4110 1881)

204 4122 296 4176 XXIV
314 4121 330 4192 ξ
351 4128 381 4176 11
401 4120 438 4175 ad
457 4126 548 4190 1244,
567 4121 664 4175 XXIII
682 4122 760 4177 adll
778 4128 837 4176 340.

275 4210 295 4277 ν)
314 4215 342 4263 Σ
357 4215 390 4262 89
416 4215 456 4282 rip
481 4208 681 4263 commendarit
706 4212 819 4264 auctore
845 4209 1005 4264 Hermanno
1029 4210 1143 4265 Classen
1168 4211 1319 4267 Beobacht
1348 4220 1405 4281 ltu,

203 4295 252 4350 sed
281 4311 338 4350 rem
366 4295 463 4349 melius
491 4294 695 4365 administravit
719 4293 825 4349 Nauck.
862 4295 1035 4351 Dubitationi
1063 4313 1119 4352 non
1146 4306 1292 4366 exemptus
1319 4307 1404 4356 04⁴8

201 4387 255 4456 (ελῃ
274 4398 310 4436 sn
329 4381 435 4456 ἔλθῃλ).
468 4404 483 4455 ρ
504 4387 553 4435 586
572 4397 652 4450 quem
671 4381 700 4434 in
719 4382 772 4435 hac
791 4396 821 4434 re
839 4389 901 4450 post
920 4383 1108 4436 Hermannum
1127 4383 1236 4439 Ahrens
1256 4385 1336 4453 Conj.
1357 4387 1407 4441 auf

204 4490 255 4539 -μι
274 4468 291 4539 ς
308 4473 339 4522 21
360 4484 388 4536 p.
408 4474 440 4522 81
460 4476 488 4523 et
506 4468 631 4535 Krueger
650 4467 733 4522 Diali.
753 4474 795 4535 38,
814 4474 830 4520 2
855 4472 934 4522 Anm.
955 4477 969 4520 3
990 4469 1120 4524 adierunt
1145 4487 1216 4525 nnnc
1239 4467 1338 4549 ὥσπερ
1367 4474 1404 4528 ἄν
