2964 5018
555 229 702 294 -487
751 266 791 275 -

346 419 392 485 auk
414 419 483 473 κατὰ
505 420 621 492 πρῴραν
640 421 692 471 ἔσω
712 420 742 484 (s.
763 419 838 487 aiom)
858 419 924 479 ἁλὸς
943 423 997 472 κτλ.

78 510 134 591 qui
162 509 195 575 in
226 510 312 574 hunc
340 507 469 573 modum
500 506 631 575 videtur
668 507 941 590 redintegrandus
978 527 1050 573 esse
1087 507 1177 573 nulla
1211 509 1266 573 ad-

75 614 180 680 hibita
201 612 394 693 mutatione,
426 611 608 676 litterarum
638 611 723 677 notis
754 631 839 693 quae
869 611 1012 678 traditae
1042 618 1119 678 sunt
1147 612 1268 678 rectius

77 717 252 784 ordinatis:
278 715 334 806 ἠδὲ
357 714 438 782 κατὰ
456 715 598 798 πρῶῐραν
621 717 684 781 ἔσω
701 714 775 794 ἁλὸς
798 725 863 782 κτλ.
888 755 928 762 —-
950 715 1110 798 πρώειραν
1132 716 1269 782 coniecit

77 824 206 906 Bergk,
238 822 362 887 Merkel
393 820 532 902 recepit,
567 821 770 889 confirmavit
796 822 850 886 Et.
875 822 963 887 Flor.
992 821 1070 886 Mill.
1095 821 1169 886 Mel.
1194 823 1267 887 256.

76 927 141 993 Sed
165 926 198 991 in
221 926 271 990 his
293 924 498 990 librariorum
529 931 563 990 et
585 925 900 1012 grammaticorum)
923 926 1005 991 fides
1028 925 1134 1006 dubia,
1159 931 1266 991 ancto-

75 1031 158 1097 ritas
181 1029 280 1096 nulla.
315 1027 349 1092 Si
372 1033 480 1093 tamen
498 1029 688 1110 Apollonius
711 1049 747 1095 re
763 1049 843 1097 vera
866 1031 1008 1116 πρώειρα
1032 1031 1110 1115 (non
1128 1030 1267 1114 πρώῑρα)

76 1137 216 1220 scripsit,
240 1135 484 1218 grammaticum
501 1136 576 1218 egit,
594 1135 678 1200 sicut
692 1135 908 1219 Herodianus,
933 1137 1104 1220 analogiae
1120 1135 1267 1203 incautos

76 1261 236 1326 persaepe
258 1240 367 1306 fallaci
390 1240 497 1322 specie
512 1240 702 1306 frustrantis
725 1246 929 1307 sectatorem.
963 1251 1065 1325 prora
1087 1241 1225 1307 Romani
1248 1261 1268 1307 a

76 1347 212 1415 Graecis
241 1346 380 1412 mutuati
410 1352 487 1412 sunt
517 1346 571 1430 (cf.
596 1346 659 1411 ion.
678 1353 812 1430 proreta
834 1347 920 1428 apud
944 1347 1079 1431 Plaut.),
1103 1366 1166 1423 non
1189 1346 1267 1413 item

75 1454 217 1520 sortasse
233 1453 369 1518 aiteram
384 1452 519 1518 formam
542 1451 665 1535 prorem
689 1453 755 1535 idg.
767 1453 885 1536 progp'a
901 1452 1004 1520 ‘navis
1020 1471 1097 1534 pars
1113 1452 1264 1519 adversa'

75 1589 98 1613 =
120 1577 168 1641 gr.
193 1556 359 1640 npdforpa
382 1586 404 1610 =
425 1557 482 1622 lat.
516 1555 731 1642 *pruvera-3²)
762 1584 795 1610 >
821 1556 974 1642 proris.³)
1019 1556 1082 1622 Sed
1109 1558 1267 1623 hactenus

77 1664 117 1729 de
147 1663 428 1746 κυανοπρωαίρους
463 1682 488 1727 s,
521 1660 658 1745 -ωίρους
692 1662 826 1729 Homeri
860 1662 1055 1728 carminibus
1089 1662 1265 1728 reddendo.

76 1767 200 1834 Iniuria
222 1767 306 1833 enim
330 1766 509 1849 opitulatur
530 1767 664 1833 Homeri
686 1767 786 1849 libris
810 1773 920 1850 spreto
943 1767 1123 1836 uetustiore
1139 1769 1266 1834 eodem-

76 1892 140 1955 que
169 1872 295 1954 potiore
323 1870 494 1937 Simonidis
521 1870 722 1952 testimonio,
753 1871 862 1938 Wirth
892 1873 1002 1954 Leipa.
1034 1872 1125 1938 Stud.
1150 1872 1202 1938 ΙΠ
1227 1876 1267 1938 16

75 1983 143 2044 not.
175 1995 356 2059 provocans
387 1976 429 2041 ad
460 1977 646 2041 Bekkerum
676 1976 802 2041 HBl.I
835 1979 895 2042 178
924 1976 978 2061 (cs.
1014 1977 1112 2042 etiam
1145 1977 1180 2042 II
1209 1978 1266 2062 44)

76 2083 131 2164 qui
162 2081 289 2147 omnino
322 2080 402 2145 nihil
432 2080 499 2162 egit
529 2084 642 2161 utpote
675 2099 742 2145 rem
777 2081 954 2162 adgressus
988 2080 1139 2161 opinione
1173 2100 1266 2162 prae-

75 2191 206 2268 sumpta
237 2191 427 2251 occaecatus
455 2189 731 2265 praepostereque
753 2189 854 2249 tenax
877 2202 987 2249 eornm
1010 2203 1095 2264 qnae
1118 2183 1157 2250 G.
1182 2185 1265 2250 Her-

75 2310 175 2358 mann
208 2291 248 2355 de
282 2309 342 2354 em.
376 2295 438 2354 rat.
474 2307 522 2370 gr.
557 2307 605 2370 gr.
641 2291 692 2352 39.
738 2288 887 2353 Meineke
921 2288 964 2354 ad
999 2289 1166 2354 eholiamb.
1194 2291 1265 2355 152.

76 2397 208 2463 Lobeck
229 2395 372 2476 Paralip.
397 2396 460 2459 214
484 2393 524 2459 de
547 2422 559 2458 ι
583 2391 794 2482 ἀνεκφωνήτῳ
818 2398 932 2457 contra
955 2393 1127 2461 veritatem
1152 2395 1267 2460 docue-

76 2502 198 2587 runt.⁴)
232 2501 279 2566 uf.
303 2502 343 2566 de
366 2506 437 2565 totu
459 2518 495 2564 re
518 2498 615 2564 etiam
639 2498 810 2563 Eberhard
832 2497 866 2562 in
889 2494 1041 2581 Ebelingi
1063 2499 1167 2565 lexico
1190 2518 1216 2565 s.
1235 2521 1266 2567 v,

77 2606 301 2693 κυανόπρρρος
323 2604 413 2669 cuius
435 2603 588 2668 iudicium
610 2607 720 2667 tamen
744 2621 808 2667 non
831 2603 941 2684 probo.

162 2709 252 2796 χθών
275 2709 440 2794 εὐρυόδεια
465 2708 516 2775 vel
547 2709 587 2772 ob
611 2707 806 2772 sententiam
836 2705 913 2770 mihi
942 2705 1070 2786 quidem
1101 2708 1265 2793 displicet;

75 2837 151 2884 nam
175 2816 260 2898 quod
290 2813 543 2880 commodissime
574 2812 614 2877 de
645 2811 776 2876 urbibus
806 2809 1004 2896 (εὐρυάγυια)
1035 2818 1069 2878 et
1100 2814 1140 2878 de
1171 2820 1266 2881 vasto

76 2920 175 2987 maris
209 2937 350 3001 aequore
383 2917 483 2983 oculis
517 2917 658 2996 undique
692 2920 827 2997 patente
861 2916 1042 3002 (θαλάσσης
1077 2916 1266 3002 εὐρυπόροιο

81 3025 209 3111 0381)
233 3024 366 3104 dicitur,
393 3024 478 3088 idem
501 3023 542 3087 de
565 3021 720 3087 universa
742 3027 832 3087 terra
855 3022 1040 3088 continente
1062 3024 1167 3090 minus
1190 3031 1267 3107 apte

76 3130 140 3197 dici
161 3129 226 3195 iam
249 3127 413 3195 veteribus
436 3126 579 3191 suboluit
601 3145 773 3206 perperam
801 3126 956 3192 traditam
978 3126 1147 3193 lectionem
1172 3133 1266 3210 (nla-

77 3236 264 3320 τυάμφοδος
304 3232 410 3313 Suid.‚
448 3231 570 3316 μεγάλη
608 3230 748 3313 Etymol.
784 3249 890 3312 magn.
925 3233 1005 3312 396,
1042 3230 1132 3317 24)5)
1167 3233 1266 3300 illier-

148 3396 168 3458 1)
186 3394 202 3448 ὁ
221 3393 251 3446 δὲ
269 3392 440 3464 Ἡρωδιανός
460 3389 507 3443 διὰ
528 3389 574 3454 τῆς
594 3405 619 3440 ει
639 3387 802 3456 διφθόγγου
821 3388 927 3456 γράφει
947 3385 1018 3456 πρὸς
1039 3387 1087 3441 τὸν
1102 3395 1266 3463 χαρακτῆρα

77 3482 132 3534 τῶν
152 3479 199 3532 διὰ
222 3500 270 3533 roo
290 3499 351 3551 capo
369 3477 433 3532 EM.
447 3481 506 3543 692,
520 3480 568 3542 313
587 3489 651 3541 ergo
670 3474 832 3540 scripturam
851 3490 866 3528 e
885 3477 1022 3530 canonis
1039 3476 1100 3543 lege
1117 3480 1266 3547 const-ituit,

77 3584 131 3623 non
149 3567 186 3623 ad
205 3568 323 3636 optimae
342 3564 543 3619 traditionis
561 3560 650 3615 fidem.

149 3663 169 3718 ἵ)
186 3657 307 3726 στρωτός
327 3680 359 3697 =
378 3663 485 3706 stratos.

148 3750 169 3812 ³)
189 3745 276 3799 *adbel
295 3764 327 3791 >
345 3745 392 3797 eol.

148 3833 170 3900 ⁴)
190 3831 276 3900 „Kein
296 3829 392 3898 langor
405 3828 491 3883 Vocal
510 3827 566 3881 und
584 3827 647 3882 kein
660 3826 822 3896 Diphthong
840 3827 916 3882 kann
935 3828 1192 3896 untergeschrieben
1211 3829 1266 3883 und

77 3924 279 3991 dveaprlquor
292 3917 425 3971 werden.“
455 3916 505 3970 Vel
523 3914 655 3970 vocabulo
668 3915 757 3984 ἤρρὶνη
778 3915 821 3982 (=
835 3914 953 3987 ἤρωῒνρ)
973 3915 1068 3969 maluit
1081 3915 1111 3968 G.
1125 3916 1266 3972 Hermann

78 4035 88 4064 ι
106 4008 216 4064 demere
234 4022 289 4075 qua
308 4007 336 4059 in
355 4019 385 4057 re
404 4003 485 4059 hodie
503 4004 640 4058 neminem
659 4019 754 4057 sanum
774 4002 888 4057 habebit
906 4003 1111 4057 adsentientem.

148 4097 168 4162 ⁶)
187 4093 269 4162 Apud
296 4092 469 4159 Ebelingium
498 4091 605 4145 invenio
631 4105 645 4143 e
671 4089 780 4143 scholiis
808 4089 843 4144 ad
869 4096 899 4141 ΙΙ
923 4095 972 4144 635
997 4089 1066 4144 haec
1090 4091 1189 4146 allata:
1219 4096 1266 4160 „ex

79 4185 126 4237 aod
146 4184 260 4237 ὁδεύειν
278 4180 382 4249 [Lips.],
401 4177 448 4232 sed
466 4177 565 4234 Herod.
584 4177 620 4235 ib.
634 4177 810 4247 napsiywyor
823 4178 957 4246 ἡγοῦνται
977 4175 1026 4242 τὴν
1038 4179 1122 4241 λέξιν,
1141 4186 1267 4234 τουτέστι

78 4271 219 4342 παρολκῆν
239 4270 285 4334 τῆς
310 4273 355 4321 ἐπὶ
383 4267 502 4324 τέλους.“
539 4264 618 4319 Adde
642 4281 657 4319 e
682 4266 827 4334 Tryphone
853 4272 918 4336 περὶ
943 4267 1056 4336 τρόπων
1079 4266 1207 4333 (Spengel
1228 4267 1267 4320 ΙΙΙ

79 4363 150 4419 leel:
176 4358 351 4428 παρείγωγον
374 4359 430 4419 μὲν
451 4351 502 4407 οὖν
526 4358 583 4404 ἐστι
602 4354 673 4413 λέξις
697 4357 727 4406 ἐν
746 4357 815 4427 αὐτῇ
835 4353 867 4407 τὸ
886 4355 1042 4415 πλεονάζον
1061 4357 1177 4422 ἔχουσα,
1205 4347 1266 4407 οἷον

77 4448 240 4514 κελαινεφὲς
260 4438 341 4514 αἶμα’
362 4447 396 4497 orl
414 4441 470 4516 γὰρ
491 4446 615 4510 ἔγκειται
636 4441 665 4495 ad
687 4448 780 4512 νέφος.
800 4442 906 4512 ὁμοίως
925 4447 972 4493 καὶ
992 4439 1022 4494 τὸ
1039 4440 1146 4509 χθονὸς
1165 4445 1266 4514 eo'puo-
1336 4480 1338 4487 -

79 4534 155 4598 δείρς
176 4534 324 4604 παρῆκται.
344 4535 376 4585 οὐ
396 4529 452 4603 γὰρ
472 4533 595 4600 ἔγκειται
614 4532 628 4594 ἡ
649 4529 723 4589 ὁδός.
