2956 5040
568 188 805 254 -229—

76 380 238 447 concedet
259 378 452 460 quicumque
474 379 507 445 in
529 379 621 444 libris
644 379 731 445 haud
747 398 822 444 raro
845 377 999 444 litterulis
1023 399 1197 462 perperam
1221 388 1279 447 aut

76 483 221 566 demptis
229 484 255 568 ¹)
279 488 337 550 aut
359 483 513 569 additisl)
545 490 715 565 peccatum
747 503 820 549 esse
851 483 1118 551 consideraverit.
1164 486 1279 553 Lectio

77 590 187 667 πάσας
211 589 271 674 γὰρ
295 589 438 677 ἐπῴχετο
462 609 558 670 quarn
581 589 747 655 Zenodoro
771 588 933 670 placuisse
956 588 1106 655 audimus
1131 591 1280 673 profecta
1320 650 1325 662 .

75 695 210 762 videtur
233 719 253 765 a
275 698 408 765 librario
431 698 570 779 quodam
594 696 645 762 cui
669 697 761 762 velut
784 694 914 770 ἔναυλος
937 700 1011 758 erat
1033 713 1149 760 versus
1174 700 1193 759 6
1214 699 1276 762 451

75 800 202 883 (πάσας
226 803 254 868 δ’
279 803 330 886 ἄρ’
348 803 506 893 ἐπῴχετο)
529 800 726 868 sententiam
750 818 865 881 parum
889 803 1026 865 curante
1050 805 1084 864 et
1106 805 1144 865 ut
1165 800 1279 868 dicum

75 906 166 972 aliud
190 907 355 992 agente.³)

164 1012 199 1077 Si
232 1011 336 1078 dativi
369 1012 416 1077 illi
451 1032 476 1076 s.
512 1011 644 1076 locativi
682 1009 801 1075 tertiae
835 1007 1061 1074 declinationis
1097 1008 1152 1089 qui
1186 1011 1275 1092 apud

73 1117 254 1181 Homerum
271 1117 416 1182 vocalem
433 1116 563 1183 finalem
579 1115 764 1196 producunt
782 1142 791 1178 ι
815 1114 913 1196 longo
931 1113 1084 1179 instructi
1099 1113 1274 1201 fuissenti)

73 1241 94 1285 a
125 1228 262 1301 natura,
297 1221 330 1286 iu
354 1227 449 1287 tanta
480 1220 642 1285 nominum
674 1219 794 1285 tertiae
829 1218 1054 1285 declinationis
1089 1219 1275 1300 frequentia

74 1345 180 1407 neque
202 1325 273 1390 lieri
290 1325 397 1407 potuit
417 1325 494 1406 quin
510 1324 595 1390 idem
612 1324 777 1390 accideret
798 1324 884 1405 quod
906 1323 940 1389 in
958 1323 1126 1405 aliquanto
1150 1324 1274 1391 minore

75 1430 222 1512 stirpium
254 1431 287 1496 in
319 1460 328 1495 ι
360 1430 547 1496 exeuntium
578 1447 712 1495 numero
743 1428 894 1512 quatem)
926 1427 1084 1493 accidisse
1114 1428 1272 1511 videmus

73 1541 110 1599 ut
132 1545 147 1597 ῑ
165 1535 241 1601 hinc
263 1535 339 1600 inde
354 1534 387 1599 in
411 1534 496 1599 thesi
519 1533 742 1614 collocaretur,
766 1551 872 1614 neque
896 1539 1014 1614 poetae
1037 1533 1158 1615 siquid
1178 1534 1274 1600 video

70 1659 141 1705 rem
176 1640 223 1705 sic
253 1639 483 1705 administrare
515 1636 719 1703 studuissent
748 1645 786 1703 ut
816 1667 827 1702 ι
857 1639 926 1704 iere
957 1658 1022 1705 non
1054 1639 1275 1719 producerent

69 1743 133 1809 nisi
156 1743 190 1808 in
213 1744 371 1811 eiusmodi
400 1743 512 1810 formis
543 1761 625 1824 quas
656 1743 868 1825 productione
891 1763 955 1810 non
979 1743 1126 1809 adhibita
1156 1764 1272 1811 versus

64 1845 184 1927 epicns
207 1848 449 1930 aspamatur.⁶)
494 1846 595 1927 Atqui
619 1875 630 1911 ι
660 1846 846 1914 dativorum
863 1832 974 1928 ³neque
998 1864 1135 1928 usquam
1164 1849 1272 1915 thesin

67 1949 281 2030 spondiacam
316 1952 427 2032 explet
460 1956 503 2032 et,
539 1951 641 2016 sicubi
674 1952 878 2034 producitur,
915 1951 1105 2033 producitur
1134 1951 1204 2017 fere
1237 1950 1270 2017 iu

143 2210 163 2276 ¹)
182 2208 281 2263 Kaibel
302 2225 341 2262 nr.
359 2215 415 2278 193,
433 2217 447 2261 l
468 2225 517 2277 pro
536 2212 634 2279 φόνων
653 2218 809 2283 βρείθοινσα
823 2213 951 2266 illinitur
971 2209 1105 2273 rescribas
1124 2212 1269 2282 βρεὶθουδ

67 2297 256 2363 α’(νμιλδκτιυν
270 2295 340 2364 (coll.
354 2297 431 2351 varia
449 2297 566 2350 lectione
580 2303 720 2368 νημερτέα
740 2300 812 2367 ἔγνω
831 2303 917 2367 qaus
930 2312 980 2365 pro
994 2297 1123 2367 νημερτέ’
1138 2301 1269 2368 διέγνω).

69 2414 100 2422 -
122 2385 154 2440 v.
174 2385 336 2452 epimetrum
356 2385 416 2438 vu.
757 2370 760 2378 '

141 2470 161 2537 ²)
181 2470 269 2537 Quam
289 2469 371 2524 facile
389 2469 514 2526 litterula
532 2474 653 2538 irrepere
672 2471 767 2539 possit,
786 2471 883 2527 doceat
902 2472 1003 2527 Kaibel
1021 2488 1063 2529 nr.
1082 2479 1141 2541 106,
1163 2480 1193 2526 14

470 2562 500 2613 ἐν
520 2565 587 2631 πυρὶ
608 2560 704 2613 novio
725 2559 855 2630 δδμοιτο.

66 2642 169 2696 Forma
189 2643 312 2713 διέμοιτο
332 2642 411 2697 nihili
437 2653 478 2698 est
503 2661 583 2713 quam
609 2660 641 2699 ne
661 2644 806 2701 barbarico
825 2645 933 2714 quidem
953 2645 1004 2703 fut.
1024 2647 1156 2717 διιμεῑιαι
1174 2650 1267 2717 (pass.)

65 2745 152 2784 carm.
172 2746 243 2798 mag.
268 2729 320 2797 (ed.
340 2729 476 2801 Wessely)
496 2750 520 2789 v.
540 2733 710 2804 Mnemosyn.
730 2751 755 2788 u.
782 2751 803 2791 s.
829 2734 893 2788 XVI
918 2739 969 2788 326
997 2733 1147 2790 defendere
1173 2751 1267 2805 queas.

64 2816 111 2870 Illi
130 2817 176 2885 qui
200 2817 304 2885 primus
328 2817 400 2873 hune
427 2821 590 2875 versiculum
618 2821 711 2877 animo
738 2821 898 2876 informavit
926 2822 1127 2877 obversabatur
1154 2825 1267 2880 Homeri

65 2912 135 2976 πυρὶ
165 2906 245 2959 πᾶσα
272 2906 373 2971 δάηται
396 2900 488 2961 1316
509 2915 537 2962 ψ
555 2914 620 2976 315,
645 2908 693 2963 sed
717 2910 907 2977 intempestive
933 2925 993 2965 sese
1011 2910 1158 2965 immiscuit
1177 2927 1267 2967 recor·

64 2992 143 3046 datio
171 2992 228 3047 noti
258 3009 322 3048 usus
347 2993 422 3048 verbi
454 2996 586 3066 διὲμνημι
610 2995 683 3064 quod
708 3012 790 3064 saepe
814 2997 915 3052 dieitur
940 2997 974 3052 dc
999 2998 1070 3066 ignia
1095 2998 1120 3052 vi
1148 3001 1200 3067 (ex.
1227 3017 1266 3069 gr.

64 3080 176 3134 Hesiod.
195 3079 338 3149 Theogon.
358 3087 407 3135 865
428 3083 625 3152 δαμαζόμενος
650 3091 716 3156 πυρὶ
741 3085 836 3155 spleni.
862 3085 1038 3140 h.h.Me1·c.
1060 3092 1115 3140 lat.
1136 3087 1264 3158 Aeschyl.

64 3166 188 3236 Choeph.
209 3172 259 3221 315
277 3183 317 3236 sq.
337 3181 367 3205 —‘
388 3167 502 3224 .1Ρ.ΙΧ
521 3175 580 3235 115,
600 3175 624 3222 3.
648 3199 675 3207 -
698 3169 768 3224 Plat.
787 3169 868 3239 frgm.
891 3177 982 3238 1113
1002 3172 1014 3225 Ι
1034 3171 1126 3226 61611.
1146 3174 1263 3244 βολβοὺς

62 3257 121 3320 μὲν
139 3255 247 3325 σποδιᾷ
268 3255 409 3325 δάμασον.
446 3255 607 3312 Anaxandr.
628 3256 709 3325 frgm.
729 3264 753 3325 d,
775 3265 786 3311 l
807 3248 846 3327 sq.
866 3258 892 3312 ll
915 3258 1004 3314 lslll.

144 3345 248 3413 δρτίως
269 3342 441 3412 διηρτάμηκε
462 3351 509 3398 καὶ
531 3344 563 3398 ui
583 3347 640 3415 μὲν
660 3347 776 3413 διανεκῆ

143 3431 274 3500 σώματος
292 3439 364 3504 μέρη
386 3433 518 3503 δαμάζετ’
539 3437 569 3488 ἐν
588 3441 778 3506 ,τυριιιτίτοισι
797 3447 860 3505 yrcis
880 3436 896 3492 i.
916 3449 939 3493 6.
955 3436 1075 3507 χύτραις

62 3517 129 3584 [nou
150 3521 223 3571 recte
242 3518 320 3573 Kocls
340 3531 402 3589 γιιῑς
422 3519 531 3587 reiecit3
550 3538 572 3571 v.
591 3520 753 3588 epimetrum
767 3521 846 3590 Vlll]
866 3521 1025 3589 quibuscum
1045 3520 1112 3575 loeis
1130 3520 1165 3578 ci.
1184 3520 1262 3575 Ovid.

63 3611 202 3658 metamm.
228 3605 363 3661 11111656
388 3606 503 3662 ‘domuit
528 3608 696 3663 ferventibus
721 3607 830 3675 uudis').
867 3609 911 3663 Sic
929 3609 1165 3664 contaminatione
1183 3610 1261 3678 quasi

61 3690 150 3744 invita
181 3692 307 3747 versiculi
338 3695 443 3748 auctori
471 3695 573 3750 excidit
604 3695 757 3751 inauditnm
790 3695 859 3751 illud
887 3698 1019 3760 δι’μοιτο.
1051 3728 1079 3735 -
1112 3695 1152 3751 cf.
1178 3711 1261 3764 supra

61 3794 118 3847 pag
146 3785 249 3845 2151.

134 3867 154 3933 ⁸)
173 3867 336 3935 Exemplum
356 3867 440 3923 habet
459 3878 552 3925 tamen
573 3859 677 3940 aliquid
696 3872 892 3940 dubitationis,
916 3873 1045 3942 quoniam
1065 3871 1101 3926 ad
1120 3870 1260 3939 aspiratae

60 3952 114 4006 vim
135 3958 164 4007 et
182 3963 348 4021 potestatem
366 3972 517 4023 provocare
537 3957 637 4013 licebit.

133 4044 154 4108 ⁴)
174 4042 283 4098 Atreus
301 4043 401 4099 Philol.
422 4045 460 4098 lV
480 4051 529 4100 531
543 4063 600 4115 sqq.
634 4045 730 4100 llartel
749 4047 782 4103 H.
803 4046 880 4102 Stnd.
899 4046 925 4099 1¹
945 4053 978 4100 56
997 4062 1054 4115 sqq.
1084 4046 1115 4104 G.
1134 4047 1230 4116 Meyer
1251 4053 1258 4084 ¹

60 4127 76 4195 §
96 4133 147 4181 315
165 4144 191 4196 p.
211 4135 270 4184 264.
302 4129 412 4186 Osthoii
429 4133 492 4189 MU.
512 4133 548 4187 1v
568 4139 628 4191 214.
659 4133 766 4188 Philol:
778 4132 946 4188 Rundscluau
966 4135 978 4187 1
1000 4140 1074 4188 1536,

132 4220 154 4280 ι)
172 4220 267 4284 κνήστι
289 4221 356 4288 μήτε
381 4226 409 4273 ,τ
428 4226 487 4274 ιιι.
520 4225 623 4274 111315.
644 4227 703 4280 are.
722 4227 781 4275 ars.

131 4305 154 4368 ⁶)
174 4304 244 4358 Utor
262 4305 291 4358 in
309 4305 362 4359 hac
381 4321 410 4360 re
436 4310 677 4372 argumentatione
702 4324 736 4362 ex
755 4324 816 4365 mea
835 4310 973 4365 sententia
991 4309 1158 4377 firmissima,
1176 4325 1257 4378 quam

60 4389 176 4444 eandem
196 4392 224 4444 in
244 4406 273 4445 re
291 4392 373 4459 parili
393 4391 520 4448 adhibuit
538 4393 569 4449 It.
584 4394 702 4448 Mueller
720 4395 746 4450 d.
759 4411 780 4452 r.
798 4412 832 4448 m.
846 4402 898 4449 336
916 4395 1010 4451 iudea
1028 4414 1069 4450 vv.
1084 4398 1146 4452 ‘iam
1160 4396 1258 4451 Lucilii

59 4477 225 4548 Catullique’
244 4488 273 4533 et
291 4496 315 4547 q.
336 4495 357 4533 a.
