2940 5026
696 176 910 243 ..14-

234 412 239 436 1,
288 364 421 439 ,Aoumq-
445 366 478 426 δὲ
503 361 599 449 ιλρετη
627 372 722 450 σοφῷ
749 368 804 429 καί
824 365 867 450 με)
904 363 1056 452 ταπεινὴν
1081 363 1171 432 εἶναι.
1204 371 1401 456 σαφεστάτη

202 468 262 548 μὲν
285 459 340 532 οὖν
363 469 451 532 ἐστιν
473 467 493 553 ἦ
518 470 552 532 ἐκ
575 474 639 533 τῶν
666 471 782 550 κυρίων
805 466 980 551 ὀνομάτων,
1006 468 1087 535 ἀλλὰ
1118 474 1264 560 ταπεινή.
1295 476 1403 559 παρά-

203 575 317 656 δειγμα
348 575 383 636 δὲ
411 573 428 658 ἦ
461 578 676 659 Κλεοφῶντος
705 575 835 658 ποιήσις
864 575 920 638 καί
950 576 1121 641 Σθενέλου.
1157 577 1257 664 σεμνὴ
1289 580 1323 643 δὲ
1345 582 1403 644 κατ’

202 677 442 754 ἑξαλλάττουσα
479 677 515 744 τὸ
550 678 710 745 ἰδιωτικὸν
744 680 762 764 ἦ
800 691 868 756 τοῖς
903 686 1036 757 ξενικοῖς
1066 684 1257 770 κεχρημένη.
1312 683 1401 750 Prae

202 782 320 847 ceteris
350 781 504 862 probavit
533 781 729 847 Aristoteles
756 784 838 849 1458
863 782 882 845 h
911 787 924 846 l
950 801 1019 863 sqq.
1056 782 1113 862 τὰς
1136 785 1322 864 ἑπεκτάοεις
1345 790 1403 853 nal

203 884 367 962 ἀποκοπὰς
389 886 445 950 καί
467 885 643 970 ἐξαλλαγὰς
668 891 732 952 τῶν
757 884 930 968 ὀνομάτων·
964 885 1017 951 διὰ
1045 891 1105 969 μὲν
1134 887 1196 974 γὰρ
1228 890 1264 957 τὸ
1296 891 1400 971 ἄλλους

202 992 286 1073 ἐχειν
310 991 329 1076 ἢ
353 990 395 1067 ῶς
418 987 454 1056 τι)
477 990 587 1075 κύριον
610 989 699 1075 παρὰ
723 990 760 1056 τὸ
784 989 898 1068 εἷωθὸς
925 992 1092 1075 γινόμενον
1109 992 1144 1059 τὸ
1165 994 1212 1081 μη
1240 998 1401 1063 ἰδιωτικὸν

201 1093 310 1177 (facile
334 1095 511 1161 subaudias
534 1115 576 1161 ex
598 1095 803 1178 praegressis
825 1099 908 1181 μηδὲ
933 1096 1098 1178 ταπεινὸν)
1121 1100 1261 1185 ποιησει,
1287 1100 1341 1166 διὰ
1364 1103 1400 1167 δὲ

203 1199 238 1264 τὸ
272 1213 432 1267 κοινωνεῖν
466 1206 524 1266 τοῦ
557 1201 709 1278 εἰωθότος
744 1200 782 1266 τὸ
821 1204 925 1287 σαφὲς
959 1203 1061 1269 ἔσται.
1091 1204 1174 1270 ὥστε
1206 1203 1262 1271 otiu
1292 1206 1400 1290 ὀρθῶς

203 1305 358 1389 ψέγουσιν
393 1307 422 1369 οὶ
457 1308 664 1387 ἐπιτιμῶντες
700 1310 744 1393 τῷ
767 1307 904 1394 τοιούτῳ
928 1306 1034 1397 τρόπῳ
1065 1313 1122 1394 τῆς
1153 1310 1321 1376 διαλέκτου
1343 1313 1400 1376 κατ’

201 1413 478 1499 διακωμῷδοῦντες
517 1407 573 1474 τὸν
602 1409 758 1495 ποιητήν,
799 1405 867 1474 οἷον
908 1407 1079 1497 Εὐκλείδης
1117 1410 1133 1476 ὃ
1164 1409 1321 1498 ἀρχαῖος,
1355 1413 1398 1490 ῶς

200 1513 314 1602 ῥᾴδιον
337 1527 455 1593 ποιεῖν,
488 1515 521 1579 εἴ
547 1540 594 1591 τις
623 1514 719 1580 δώσει
742 1515 891 1580 ἐντείνειν
913 1515 968 1600 ἐφ’·
990 1514 1110 1581 ὁπόσον
1132 1515 1295 1598 βούλεται,
1319 1521 1397 1602 ιάμ-

200 1619 381 1704 βοποιήσας
415 1622 448 1683 ἐν
479 1617 559 1707 αὐτῇ
589 1624 627 1708 τῇ
650 1620 742 1696 λέξειΙ
789 1617 986 1705 ,,Ἐπιχολρην
1009 1618 1190 1705 (uyrwhitt
1219 1640 1278 1703 pru
1302 1622 1396 1688 codd.

200 1723 269 1809 ἥτει
293 1724 403 1808 χάριν)
427 1719 512 1788 εἶδον
535 1724 771 1808 Μαραθῶνάδε
794 1725 1004 1806 βαδιζοντα.“

285 1854 402 1919 'rotam
441 1855 611 1920 materiam
649 1855 848 1920 rhetores
881 1855 944 1920 sihi
977 1855 1185 1921 tractandam
1217 1856 1396 1938 sumpsisse

198 1956 252 2042 (ef.
276 1957 340 2022 iam
365 1958 501 2024 lecerat.
519 1957 663 2041 Euagor.
688 1962 707 2023 e
733 1954 801 2025 οἷόν
823 1959 851 2025 τ’
877 1957 988 2037 αὐτοῖς
1012 1986 1046 2026 τε
1070 1971 1221 2046 ποιηταῖς
1243 1962 1299 2025 καί
1322 1965 1398 2048 περὶ

198 2062 319 2128 τούτων
342 2067 485 2148 δηλῶσαι
507 2063 553 2149 μὴ
576 2063 676 2146 μόνον
707 2076 774 2141 τοῖς
805 2065 1012 2149 τεταγμένοις
1043 2062 1217 2146 ὀνόμασιν,
1248 2062 1331 2131 ἀλλὰ
1355 2067 1396 2132 τὰ

195 2167 256 2245 μὲν
279 2166 380 2243 ξένοις
403 2165 442 2231 τὰ
468 2169 501 2231 δὲ
525 2179 646 2244 καινοῖς
670 2166 710 2232 τὰ
735 2169 769 2232 δὲ·
790 2179 1005 2254 μεταφοραῖς.
1052 2167 1164 2233 Cicero
1195 2166 1252 2233 Or.
1275 2171 1329 2235 68.
1355 2208 1394 2216 —-

196 2268 314 2335 Strabo
338 2271 421 2335 VIII
444 2273 538 2356 364),
570 2271 665 2338 testis
688 2278 740 2337 est
762 2273 816 2339 vel
838 2272 1006 2354 inscriptio
1030 2291 1128 2352 quam
1151 2272 1276 2353 aliquot
1298 2292 1394 2357 opus·

195 2374 269 2450 cula
299 2375 461 2440 rhetorica
492 2395 572 2458 prae
603 2396 639 2443 se
669 2377 780 2444 lerunt
814 2380 889 2462 usqi
922 2383 1095 2464 ποιητικῶν
1127 2377 1270 2463 τρόπων,
1303 2378 1397 2445 velut

196 2480 348 2561 anonymi
397 2480 540 2563 Spengel
577 2483 630 2547 ΙΙΙ
672 2484 733 2547 207
765 2502 851 2564 sqq,
890 2481 1025 2565 Georgii
1063 2481 1279 2547 Choerobosci
1315 2481 1393 2549 ibid.

195 2584 258 2649 244
271 2602 340 2664 sqq.
371 2585 454 2650 Nam
470 2586 504 2650 in
526 2586 587 2652 hoc
602 2605 705 2668 genus
728 2585 858 2667 scriptis
874 2585 974 2651 etiam
996 2603 1054 2650 eas
1068 2603 1123 2650 res
1139 2603 1223 2666 quae
1245 2592 1393 2654 nostram

195 2688 416 2766 quaestionem
452 2690 584 2771 propius
619 2690 812 2774 coutIngent
844 2694 1007 2755 tractatas
1040 2687 1141 2755 fuisse
1170 2690 1393 2774 intellegimus

195 2792 320 2858 collatis
343 2814 427 2875 quae
450 2797 573 2862 habent
596 2796 816 2880 Quintilianus
839 2795 919 2862 locis
941 2794 1098 2877 laudatis,
1123 2795 1279 2879 Tryphon
1303 2799 1394 2882 (usqi

196 2896 320 2979 τρόπων
343 2898 485 2983 Spengel
506 2902 560 2966 III
585 2904 661 2986 198)
685 2902 726 2969 de
751 2906 941 2988 πλεονασμῷ
964 2906 999 2966 et
1021 2903 1175 2982 ἐλλείψει,
1210 2899 1393 2984 Gregorius

194 3001 378 3069 Corinthius
410 3005 495 3090 (περδ
519 3005 645 3090 τρόπων
666 3005 743 3071 ibid.
767 3006 846 3091 220)
878 3005 918 3071 de
943 3009 1152 3094 πλεονασμῷ,
1190 3004 1392 3073 Oecondriuu

191 3107 279 3190 (περί
302 3108 429 3188 τρόπων
450 3109 526 3175 ibid.
551 3110 629 3195 231)
654 3109 694 3176 de
721 3110 925 3200 ,πεποιημένῳ
955 3110 1198 3198 (μετωνομασίᾳ
1228 3114 1263 3175 ei
1288 3137 1390 3192 μετα-

193 3214 442 3300 σχηματισμῷ),
477 3212 634 3296 Polybius
665 3212 844 3278 Sardianus
874 3215 964 3297 (aspi
989 3219 1220 3300 σχηματισμοῦ
1250 3213 1327 3280 ibid.
1359 3235 1390 3297 p.

193 3316 255 3380 105
279 3316 342 3401 sq.)
366 3316 406 3380 de
429 3321 735 3403 μετασχηματισμῷ
755 3314 910 3402 (συστολὴ
935 3353 975 3362 -
994 3316 1098 3381 ἔνδεια
1114 3315 1243 3400 χρόνου,
1267 3320 1391 3401 γίνεται

192 3423 226 3482 δὲ
250 3418 322 3506 ἤτοι
347 3418 400 3484 διὰ
423 3420 542 3505 χρόνου
566 3418 654 3503 παρὰ
680 3419 778 3506 φύσιν
803 3422 1056 3503 συστελλομένου

377 3545 427 3594 οὐκ
447 3545 583 3595 εἰὲσουσιν
602 3545 665 3609 ἐμοὶ
689 3543 807 3604 δόμεναι
828 3541 890 3611 βιὸν
910 3542 956 3605 η’δλ
977 3548 1124 3615 φαρέτραν
1143 3545 1210 3610 κτλ.)

277 3656 342 3722 Sed
355 3664 586 3738 praeterquam
599 3654 686 3737 quod
706 3655 824 3720 scimus
844 3660 1005 3720 tractatas
1017 3652 1191 3722 fuisse‘has
1203 3655 1392 3739 similesque

190 3779 242 3826 res
266 3767 301 3825 et
323 3781 343 3826 a
366 3761 567 3827 rhetoribus.
601 3760 701 3825 multo
732 3759 828 3840 plura
851 3758 934 3824 scire
957 3757 1020 3824 uisi
1043 3757 1139 3825 fallor
1161 3759 1194 3825 in
1216 3760 1280 3826 hac
1301 3760 1389 3828 litte-

189 3885 300 3931 rarum
323 3872 417 3947 parte
444 3885 557 3947 parum
582 3870 734 3930 versatus
757 3883 822 3928 non
845 3862 938 3944 licet;
970 3882 1077 3945 neque
1105 3863 1139 3929 io
1164 3863 1391 3934 vehementius

189 3971 400 4050 grammatico
436 3971 565 4051 quidem
600 3968 773 4035 dolendum
817 3986 889 4032 esse
930 3965 989 4031 tihi
1026 3966 1122 4032 facile
1164 3967 1389 4053 persuadebis,

189 4073 216 4137 si
250 4073 392 4139 frustula.
427 4082 560 4140 servata
595 4073 701 4140 culmo
737 4080 771 4137 et
805 4071 1003 4156 cogitatione
1042 4071 1312 4140 consideraveris.
1359 4074 1389 4140 E

189 4181 338 4244 veterum
372 4177 744 4260 grammaticorum
779 4177 909 4259 scriptis
944 4183 978 4243 et
1010 4178 1251 4245 commentariis
1282 4198 1389 4261 pauca

89 4308 92 4314 ’
188 4301 272 4362 quae
303 4283 345 4347 ad
376 4301 482 4348 meum
512 4283 714 4364 propositum
745 4280 900 4348 facientia
929 4280 1040 4348 inveni
1074 4287 1109 4346 et
1141 4281 1278 4349 alicuius
1310 4303 1388 4350 usus

189 4405 261 4451 esse
284 4386 431 4452 intellexi
454 4387 521 4452 suis
543 4387 623 4453 locis
646 4387 992 4453 commemorabuntur.
