2964 5018
563 230 798 294 -491-

83 428 189 502 ratus,
223 420 379 503 imprimis
411 420 445 485 id
469 420 534 502 egi,
573 426 610 485 ut
643 419 776 485 Homeri
806 419 953 487 versibus
982 419 1037 499 qui
1066 420 1160 485 burins
1183 421 1276 487 verbi

83 527 204 592 formas
234 527 358 591 habent
386 544 426 590 ex
455 524 526 606 ipso
549 524 691 589 Homero
721 523 858 603 aliisque
888 522 1023 589 Graecis
1054 523 1274 606 scriptoribus

84 631 189 714 poetis
212 629 421 712 praesertim,
452 630 539 695 locos
563 647 785 710 compararem
815 647 911 708 quam
939 627 1116 694 simillimos
1144 634 1177 694 et
1199 629 1275 694 inde

85 738 126 802 de
159 735 334 801 formarum
364 738 483 800 natura
514 732 635 814 aliquid
665 732 746 799 certi
776 732 892 799 elicere
921 734 1095 799 studerem.
1146 733 1185 798 In
1216 734 1277 800 hac

85 846 180 923 parte
213 839 313 906 totius
343 837 543 920 quaestionis
577 837 669 919 quasi
699 837 912 903 fundamenta
949 837 1135 904 continente
1169 838 1275 904 multi-

85 945 197 1011 tudine
240 943 458 1026 exemplorum
501 941 632 1008 lectoris
672 942 817 1008 taedium
859 941 1003 1007 excitare
1044 961 1109 1008 non
1150 961 1275 1024 vereor,

85 1048 344 1131 quandoquidem
379 1046 548 1112 dubitandi
578 1047 667 1113 locus
701 1067 739 1113 eo
767 1048 960 1113 arctioribus
998 1047 1277 1114 circumscribetur

84 1154 216 1235 linibus,
247 1171 309 1234 quo
340 1153 435 1234 plura
465 1151 497 1216 in
528 1170 626 1216 unum
658 1171 676 1216 a
705 1152 815 1233 probis
842 1152 1053 1234 scriptoribus
1084 1159 1180 1218 erunt
1202 1171 1275 1218 con-

85 1266 189 1342 gesta.
235 1258 314 1324 Cum
336 1257 387 1324 his
409 1256 475 1323 alia
497 1276 603 1338 pauca
625 1256 799 1342 adnotabo.

172 1382 224 1446 Ad
247 1382 314 1447 KZ.
337 1380 454 1447 XXIX
478 1381 541 1446 230
563 1380 664 1445 med.:
701 1381 730 1443 δ’
754 1378 896 1464 ldmona
920 1379 1017 1445 etiam
1041 1379 1147 1460 Apoll.
1172 1379 1275 1444 Rhod.

85 1488 132 1553 IV
158 1488 230 1551 206.

173 1629 213 1638 -
247 1610 277 1671 p.
313 1591 393 1655 ⁶231:
437 1586 692 1674 ἀμφι-[αχυῖαν
734 1587 921 1673 (ιῖνιαχυϊαν
965 1588 1097 1674 Heyne)
1134 1587 1278 1653 illustrat

83 1698 174 1763 locus
198 1695 341 1761 Senecae
365 1695 406 1760 ad
429 1695 530 1759 Marc.
554 1694 595 1759 de
618 1694 736 1760 consol.
761 1694 844 1759 Vlll
867 1696 887 1759 2
912 1695 1011 1776 ιιινοε,
1035 1711 1106 1759 cum
1136 1692 1276 1759 stridore

84 1820 203 1884 magno
237 1800 351 1866 inanes
385 1799 477 1864 nidos
512 1798 854 1864 circumfremuerunt’.
911 1798 1127 1879 Philosophus
1161 1817 1276 1866 versus

83 1904 237 1972 homerici
259 1922 323 1969 non
339 1902 444 1968 minus
466 1902 632 1968 immemor
646 1902 746 1969 iuuerit
760 1923 857 1985 quam
873 1902 1068 1969 Heliodorus
1092 1922 1164 1968 cum
1179 1903 1275 1969 Aeth.

84 2012 120 2078 II
150 2012 192 2076 22
226 2008 383 2074 scriberet
414 2019 576 2093 τετριγυῖα
612 2010 645 2073 δὲ
677 2013 887 2092 περιποτᾶται
925 2007 982 2094 τὴν
1013 2010 1199 2092 πολιορκίαν
1231 2027 1275 2073 Sc.

85 2116 182 2200 ὅρνις,
205 2114 233 2179 is
249 2112 378 2194 quidem
394 2132 458 2178 non
482 2114 543 2179 hoo
566 2113 633 2178 solo
655 2113 725 2177 loco
741 2112 918 2178 Homerum
940 2112 1096 2178 imitatus.
1126 2111 1172 2177 cf.
1190 2113 1219 2177 V
1235 2115 1276 2177 22

86 2218 284 2305 (ἐπιγουνίδα
316 2235 356 2282 ex
385 2244 404 2282 ο
428 2216 494 2302 74).
541 2217 575 2280 Π
605 2220 646 2283 33
677 2216 824 2297 καθάπερ
856 2218 945 2301 ἔρνος
976 2244 1008 2282 τε
1041 2223 1101 2282 τῶν
1132 2216 1277 2282 coibatur

86 2324 264 2408 ἀνέδραμεν
280 2360 302 2374 w
320 2325 414 2387 Σ56.
431 2323 493 2387 437
520 2320 698 2406 ἀνέδραμεν
714 2322 800 2405 ἔρνεϊ
816 2324 928 2403 [ι’σοος
945 2320 1058 2405 (έρνος·
1084 2360 1123 2368 -
1149 2325 1277 2407 δένδρον

86 2430 262 2506 εὐθαλὲς
291 2429 391 2493 habet
412 2426 621 2512 Hesychius).
669 2455 686 2510 ρ
715 2429 778 2492 222
808 2428 889 2511 legit
917 2427 1017 2512 ἄορας
1039 2429 1074 2494 ΙΙ
1100 2431 1139 2494 19
1164 2427 1277 2512 (supra

86 2555 116 2618 p.
147 2535 244 2620 207),
278 2563 298 2598 α
328 2535 348 2598 3
380 2531 452 2599 νόον
482 2531 516 2597 Π
546 2532 587 2595 22
619 2531 750 2617 (πολλαὶ
779 2535 838 2615 μὲν
869 2533 901 2598 αἱ
930 2533 1054 2612 πόλεις,
1091 2538 1214 2598 πολλῶν
1248 2532 1277 2595 δ’

86 2640 264 2722 ανθρώπων
288 2637 354 2725 ἤθη
379 2665 412 2703 τε
435 2638 490 2702 καί
513 2643 584 2715 νοῦς
608 2641 652 2716 εἰς
676 2651 790 2723 πεῖραν
813 2637 974 2725 ἥκουσιν),
999 2646 1034 2705 Α
1059 2642 1117 2704 171
1144 2637 1278 2725 ἀφύξειν

85 2746 120 2810 Π
143 2746 184 2809 22
206 2742 324 2833 (ripoioq⁴
348 2748 500 2822 πλοῦτον,
529 2762 630 2824 supra
651 2764 681 2826 p.
705 2744 793 2829 311).
819 2781 860 2790 —
883 2743 1035 2809 Abrensii
1059 2742 1278 2827 dpyryoyvtov

86 2852 140 2938 (cl.
156 2852 252 2918 Diall.
268 2853 303 2918 ΙΙ
318 2851 406 2937 351),
431 2851 492 2917 nisi
509 2851 665 2934 originem
681 2851 816 2916 deberet
831 2847 1035 2914 coniecturae
1054 2848 1169 2930 inutili,
1193 2867 1279 2913 nunc

54 2959 57 2965 ’
86 2957 188 3023 tutari
209 2957 324 3023 liceret
346 2956 441 3022 titulo
464 2955 686 3039 1161661546,
718 2959 738 3022 6
769 2954 952 3037 α’μπέταται
975 2952 1011 3039 (=
1032 2974 1063 3022 v.
1089 2957 1108 3020 9
1133 2959 1275 3020 πωτᾶται

88 3067 121 3129 δέ
146 3062 261 3148 πέριξ).

174 3206 215 3215 -
239 3187 269 3248 p.
294 3167 374 3231 237:
403 3165 536 3231 Homeri
557 3163 641 3244 ῖὺζω
664 3168 706 3231 ab
728 3167 952 3233 interiectione
983 3165 1180 3231 descendere
1204 3163 1277 3230 con-

85 3272 147 3339 ieci
177 3272 256 3338 alios
290 3275 431 3336 secutus.
477 3270 574 3335 Haud
608 3270 673 3336 scio
705 3290 747 3336 an
781 3278 815 3337 et
848 3274 909 3338 hoc
942 3277 976 3337 et
1009 3273 1107 3353 βιὺζω
1136 3305 1166 3330 >
1199 3270 1277 3349 ἴύζω

86 3379 219 3466 (Aesch.
243 3378 383 3459 Choeph.
407 3380 459 3443 26.
498 3374 570 3461 idyl}
596 3393 640 3439 0r.
658 3374 764 3439 Hend.
784 3378 854 3457 116,
878 3375 913 3461 2)
937 3374 1117 3442 derivanda
1140 3374 1206 3440 sint
1236 3375 1277 3439 ab

87 3505 151 3551 uno
182 3484 358 3564 eodemque
383 3483 432 3548 ἰού
455 3500 519 3547 non
549 3479 643 3544 modo
666 3478 826 3559 dolorem,
857 3498 970 3546 verum
999 3479 1096 3545 etiam
1125 3478 1277 3562 gaudium

86 3587 300 3671 significante.
350 3586 432 3651 Nam
467 3583 657 3664 Herculem,
696 3582 750 3663 qui
784 3583 881 3665 Soph.
916 3583 1032 3648 Traoh.
1069 3587 1130 3649 186
1159 3603 1206 3664 sq.
1237 3622 1277 3629 -

86 3697 243 3760 narrante
266 3691 364 3774 Hyllo
389 3729 428 3736 —
452 3694 546 3757 veste
569 3708 589 3753 a
612 3688 748 3770 coniuge
771 3687 855 3753 dono
878 3687 978 3752 missa
999 3687 1132 3754 indutus
1156 3692 1277 3753 ἐσπᾶτο

88 3851 95 3864 .
120 3850 127 3862 ,
154 3850 161 3862 .
187 3799 318 3863 πέδονδε
340 3796 395 3860 καί
422 3795 598 3878 μετάρσιος
628 3798 712 3874 βοοῖν
742 3792 855 3872 ἰύζων,
886 3792 1022 3857 eundem
1052 3811 1083 3858 V.
1118 3796 1200 3859 1143
1230 3793 1277 3857 Sic

86 3903 320 3969 lamentantem
342 3900 375 3966 iu
397 3918 518 3966 scaena
540 3899 602 3981 ipsi
625 3897 786 3964 audimus:

408 4003 452 4058 lou
472 4003 516 4058 tot
537 4005 681 4069 δύστηνος,
702 4009 817 4073 οἴχομαι
836 4004 928 4060 miluc.
937 4005 956 4066 ¹)

88 4092 211 4180 (yliods
234 4093 335 4179 (fllod
357 4092 426 4159 fere
449 4123 470 4146 =
493 4093 550 4157 alre
572 4092 650 4157 Hor.
675 4097 736 4156 sat.
761 4091 777 4156 I
800 4092 830 4172 5,
857 4092 912 4155 12:
937 4089 994 4155 oue
1016 4091 1050 4155 Π
1073 4092 1102 4170 5,
1127 4093 1178 4156 96.

176 4253 215 4261 —
246 4234 277 4295 p.
307 4216 387 4279 238:
423 4214 534 4280 versui
565 4216 597 4277 Ψ
623 4216 683 4279 161
709 4232 755 4293 sq.
791 4211 993 4278 subscribere
1026 4211 1103 4276 licet
1140 4213 1275 4278 Isocrat.

87 4318 231 4402 Euagor.
257 4320 307 4383 19.
333 4318 393 4384 Ov.
418 4325 546 4383 metam.
570 4319 603 4383 X
626 4321 689 4383 656
712 4337 798 4400 sqq.;
829 4317 899 4381 loco
927 4316 1037 4399 hymni
1064 4315 1216 4381 homerici
1243 4315 1276 4381 in

161 4533 180 4597 ¹)
197 4530 305 4584 Terent.
326 4528 413 4583 Maur.
434 4533 482 4581 531
503 4527 550 4581 ‘sic
569 4532 613 4580 lor)
633 4528 677 4579 ἰού
696 4525 844 4594 tragoedus
863 4524 961 4580 Graius
980 4531 1008 4579 et
1025 4539 1108 4596 ceryx
1126 4525 1223 4581 sonat’.
