2940 5026
690 166 927 230 -136-

210 344 380 441 θιόὕρεος
403 374 444 429 ex
467 354 584 439 ’ὄρχος
608 353 738 439 ’ὅρμος
761 354 893 437 ducens,
918 356 1182 438 qnandoquidem
1205 363 1241 422 et
1252 356 1408 440 Ὄλυμπος

210 470 245 530 et
282 464 358 549 ὅρος
395 460 587 543 saepissime
620 461 708 544 apud
742 460 921 527 Homerum
958 467 1110 544 correpta
1148 461 1258 529 vocali
1294 462 1409 529 initiali

209 569 374 652 logrmtur.

296 677 327 738 4.
352 672 444 739 Idem
474 669 627 737 iudicium
657 669 735 737 tulit
764 670 805 736 de
835 669 1048 752 productione
1077 671 1213 738 metrica
1244 691 1312 738 non
1340 692 1408 755 pro·

209 778 353 848 bandum
376 775 444 842 KZ.
467 774 565 839 XXV
589 776 653 840 264
675 774 726 840 his
749 773 876 841 verbis:

299 881 379 947 ‘Aus
410 878 533 944 diesem
563 877 768 945 Schwenken
797 916 838 925 -
867 885 987 957 ξεῖνοςι
1023 883 1126 967 ξενίη,
1158 883 1285 947 eirena:
1321 883 1408 947 ἕνεκα

211 991 273 1053 eto.
298 1023 339 1032 -
368 983 513 1052 offenbar
541 984 650 1050 haben
680 983 749 1049 sich
779 983 832 1049 die
861 983 1015 1066 episohen
1045 985 1181 1051 Dichter
1215 985 1278 1052 das
1309 988 1410 1055 Reolrt

210 1107 412 1174 genommen,
446 1088 481 1153 in
514 1088 668 1154 metriaoh
701 1107 817 1172 wegen
852 1089 911 1154 der
940 1091 1060 1172 Menge
1094 1090 1153 1156 der
1182 1091 1322 1158 Klimen
1356 1111 1408 1158 nn-

210 1194 437 1262 branohbaren
459 1193 617 1258 Wtrtern
646 1221 666 1257 a
688 1191 723 1257 in
747 1201 784 1271 ἁ,
817 1192 887 1258 εἰη
911 1220 948 1273 ει,
982 1193 1055 1260 oin
1079 1221 1131 1274 ου,
1167 1195 1239 1262 also
1270 1196 1306 1262 in
1342 1197 1408 1264 der·

211 1300 323 1365 selben
346 1296 458 1363 Weise
481 1316 521 1362 zu
544 1297 682 1379 dehnen,
706 1296 769 1364 wie
792 1296 845 1363 bai
867 1298 1071 1365 verlorenem
1093 1299 1291 1383 Digamma.'

299 1402 395 1467 Hane
429 1400 514 1467 enim
547 1400 684 1467 liberam
716 1401 804 1468 inter
841 1401 963 1468 formas
998 1403 1175 1484 productas
1210 1403 1348 1492 (ξεῖνος)
1381 1411 1411 1471 et

211 1512 380 1589 correptas
404 1505 521 1591 (ξένος)
544 1506 717 1589 optionem,
741 1526 840 1588 quam
862 1508 1104 1591 Wackernagel
1126 1509 1234 1590 poetis
1261 1511 1409 1594 largitur,

211 1632 232 1678 a
253 1610 395 1694 genuino
418 1610 561 1678 Homero
584 1629 718 1692 prorsus
741 1609 886 1677 abfuisse
908 1610 1137 1678 intelleximus.
