2956 5040
576 199 814 263 -267—

94 387 213 452 Verum
228 386 430 453 intellexisse
454 389 530 455 mihi
545 395 676 456 veteres
700 389 868 471 videntum
892 387 931 453 cf.
950 387 1024 451 ΕΜ.
1044 388 1116 465 iii,
1133 389 1176 450 lo
1187 385 1293 451 Ἔστιν

92 491 186 578 ἠμὺω
209 491 245 558 τὸ
268 495 449 559 κατακλίνω
472 495 528 560 καί
552 496 754 574 καταιτιάτω,
781 487 817 561 οὗ
842 494 858 560 ὃ
882 494 1116 576 παρακείμενος
1134 490 1250 577 ἢμυκα·
1275 492 1290 558 ὅ
1372 580 1373 583 ¹

93 594 236 674 Ἀττικὸς
260 594 398 682 ὤφειλεν
420 596 502 664 εἶναι
527 597 710 686 ἡμὴμοκαῑ)
735 597 804 664 ἀλλ’
828 597 937 685 ἐπειδὴ
965 598 993 662 οἱ
1017 596 1164 662 Ἀττικοί
1187 624 1292 680 παρα-

92 703 232 784 κείμενοι
257 702 382 780 πάντας
406 701 469 769 ἀπὸ
486 705 644 788 βραχείας
669 703 824 789 ἄρχονται
844 702 1022 787 συνεστάλη
1048 698 1083 767 τὸ
1110 730 1127 786 η
1152 703 1196 778 εἰς
1220 700 1256 767 τὸ
1280 728 1314 773 ει

92 808 149 873 καί
171 814 365 896 πλεονασμῷ
388 811 445 876 τὀὖ
469 836 485 874 ν
510 808 562 876 διὰ
585 812 699 895 χρειάν
722 807 890 895 ποιητικὴν
910 810 1032 893 γίνεται
1056 805 1216 891 ἐμνὴμοκε
1239 806 1295 870 καί

94 912 307 1000 ὖπεμνὴμοκε,
331 934 397 996 qua
415 916 633 998 explicatione
655 915 819 981 notionem
843 915 1007 980 lucramur
1031 911 1073 976 ad
1096 909 1292 976 sententiam

92 1018 156 1085 loci
186 1020 423 1099 quammaxime
455 1026 583 1102 aptam:
616 1021 845 1085 τεταπείνωται
877 1017 1117 1100 καταβέβληται
1140 1014 1292 1079 Ellstaih.

93 1143 124 1205 p.
151 1124 251 1204 1282,
277 1125 320 1189 24
343 1123 398 1208 (cf.
424 1124 517 1210 η’μύω
539 1125 702 1191 translate
732 1125 873 1207 positum
901 1125 1018 1188 11373
1043 1128 1075 1186 Δ
1097 1121 1161 1184 390
1184 1119 1292 1201 ninam

93 1227 200 1308 Apoll.
224 1227 328 1294 Rhod.
352 1228 388 1293 Π
412 1231 474 1294 862
499 1249 545 1310 sq.
571 1228 763 1316 κατήμυσαν
787 1228 816 1292 δ”
840 1226 973 1313 ἀχέεσσι
999 1224 1127 1306 θυμόν),
1152 1223 1185 1288 id
1209 1223 1295 1303 quod

94 1336 229 1413 propter
264 1331 368 1398 πάντα
410 1333 644 1400 adverbialiter
678 1333 797 1399 dictum
837 1337 1009 1414 praestare
1047 1328 1194 1408 videtur,
1237 1333 1296 1392 aut

95 1438 205 1515 ‘caput
228 1435 419 1518 demissum,
445 1437 555 1503 oculos
578 1436 722 1502 deiectos
746 1437 847 1502 tenet’
872 1436 970 1519 (Voss
995 1433 1118 1499 ‘immor
1141 1433 1237 1498 senkt
1259 1450 1294 1496 es

95 1539 148 1604 dic
170 1530 345 1624 Angen)²)¹
362 1558 427 1620 qua
448 1539 482 1606 in
505 1539 779 1621 interpretatione
798 1545 908 1605 tamen
925 1537 1043 1603 omisso
1067 1534 1148 1621 κάρη
1173 1535 1294 1616 aliquid

95 1644 241 1711 offendor
264 1643 318 1728 (cf.
347 1648 376 1712 Θ
399 1645 524 1731 308).1)

182 1749 278 1814 Hanc
308 1753 457 1815 veterum
488 1748 671 1830 opinionem
702 1767 794 1814 suam
818 1747 968 1813 fecerunt
990 1748 1171 1812 Buttmann
1195 1743 1229 1830 (ξ
1254 1746 1295 1809 85

94 1874 125 1920 n.
150 1857 171 1919 5
193 1882 216 1906 =
238 1853 301 1919 vol.
327 1851 359 1917 1¹
389 1872 420 1935 p.
445 1852 524 1939 330)
555 1858 590 1919 et
611 1852 769 1919 Kuehner
791 1851 837 1936 (1²
861 1871 891 1933 p.
916 1851 1012 1937 513),
1042 1852 1083 1916 de
1106 1877 1123 1916 ν
1146 1848 1295 1932 apposite

95 1959 138 2025 ad
177 1957 336 2040 νώνυμνος
374 1963 402 2046 (.·
440 1958 593 2041 νώνυμος)
632 1966 836 2041 παλαμναῖος
878 1956 1006 2041 (quidni
1043 1957 1086 2022 ad
1125 1954 1295 2036 ἂπάλαμος

96 2063 229 2130 Hesiod.
255 2062 315 2143 Op.
341 2064 399 2128 20:
432 2063 621 2146 ἀπάλαμνος
651 2062 804 2128 Simonid.
836 2062 930 2145 frgm.
955 2062 993 2143 5,
1022 2060 1143 2145 3B.⁴?)
1178 2077 1295 2140 provo-

96 2173 219 2234 cantes.
266 2166 410 2233 Perfecti
437 2168 583 2251 legitime
612 2167 745 2234 formati
773 2166 960 2252 ὑπεμήμυκε
990 2164 1097 2232 vocali
1125 2168 1296 2245 aproptcr

96 2277 234 2338 metrum
257 2291 316 2354 pro
339 2273 438 2355 longa
468 2272 517 2338 uti
539 2272 660 2338 licebat
681 2272 824 2337 Homero
848 2290 941 2352 quem
966 2270 1104 2336 eundem
1129 2266 1296 2354 εἰλήλουθε

96 2376 158 2443 sibi
179 2376 354 2443 indulsisse
378 2379 471 2443 modo
495 2377 649 2460 vidimus3
675 2397 740 2458 qua
759 2376 913 2459 analogia
936 2375 1075 2442 confisus
1091 2374 1155 2456 ipsi
1177 2378 1296 2456 poetae

97 2480 295 2567 ὖιιειμήμυκε
317 2480 457 2545 reddere
479 2480 691 2561 praetulerim
715 2498 812 2560 quam
828 2478 1050 2565 ὑπεμμήμυκε,
1076 2478 1162 2558 quod
1185 2482 1295 2542 tamen

96 2606 117 2651 a
140 2585 265 2668 Toupio
289 2584 418 2667 Heynio
435 2585 553 2650 Bothio
577 2585 837 2651 commendatum
861 2589 960 2664 atque
983 2602 1025 2648 ne
1049 2602 1069 2647 a
1093 2583 1295 2647 Buttmanno

95 2692 224 2773 quidem
249 2694 459 2774 reprobatum
482 2692 719 2772 quodammodo
746 2691 872 2757 tuearis
895 2689 1132 2773 epigrammate
1155 2687 1295 2769 quodam

95 2797 181 2878 quod
219 2796 377 2862 orationis
414 2797 455 2862 de
493 2797 683 2863 Halonneso
722 2803 837 2864 auctor
867 2797 902 2862 in
944 2816 1003 2862 ara
1047 2795 1070 2861 J
1072 2794 1142 2861 ovis
1181 2799 1296 2859 extare

95 2906 238 2967 testatur
262 2901 443 2985 (Demostb.
468 2903 532 2968 VH
555 2906 597 2969 39
621 2922 668 2983 sq.
692 2933 715 2957 =
737 2904 805 2969 ΑΡ.
830 2903 880 2968 IX
905 2904 978 2982 786,
1003 2901 1049 2986 3).

167 3056 584 3126 ¹)1nhacregrammaticum
604 3062 705 3115 erroris
730 3061 893 3116 convincunt
917 3062 1015 3129 α’μογή
1040 3057 1111 3125 (rad.
1136 3059 1180 3128 ap)
1206 3055 1295 3121 idodp‘

95 3144 165 3213 (rad.
184 3145 226 3212 ed)
247 3147 341 3212 α’κωκιί
361 3145 430 3215 (rad.
450 3149 498 3215 111,
521 3147 570 3203 lat.
590 3147 690 3215 oomni)
715 3150 842 3220 α’ριίρονα
861 3148 933 3213 (rad.
952 3157 993 3200 er:
1014 3151 1047 3200 ἄν
1064 3146 1178 3200 Bramer
1197 3144 1250 3197 PB.
1270 3144 1295 3197 X

96 3233 158 3300 283)
187 3231 234 3285 all.
266 3262 297 3269 —
323 3232 548 3289 Huebschmanni
575 3234 729 3289 sententiae
748 3234 819 3288 libro
838 3233 904 3303 ‘ldg.
929 3232 1128 3302 Vocalsystem’
1153 3231 1296 3299 expositae

1 3390 6 3400 .
96 3323 146 3372 aut
169 3318 297 3374 Osthoffii
315 3322 416 3377 ibidem
439 3328 487 3376 loo
506 3321 546 3390 sq.
564 3330 594 3376 nt
613 3321 747 3376 calculum
767 3321 918 3388 adicerem,
938 3322 1059 3375 animum
1079 3318 1199 3374 nondum
1218 3319 1296 3386 potui

95 3405 224 3461 inducere
252 3437 284 3447 -
314 3409 412 3477 quibus
439 3409 546 3464 collatis
569 3408 681 3462 dubium
707 3423 767 3463 esse
791 3409 887 3477 nequit
910 3408 975 3477 quin
1001 3407 1184 3474 reduplicatio
1209 3407 1296 3461 attica

96 3491 197 3546 debeat
214 3507 274 3548 esse
294 3497 469 3564 ἐμ-ἠμο-κα.
490 3498 701 3567 ὁτι-ημ-ήμυκα
720 3495 847 3550 vitiosum
867 3502 909 3550 est
927 3510 977 3550 nac
995 3493 1106 3548 defendi
1125 3501 1215 3562 potest
1233 3508 1295 3560 per·

96 3581 168 3635 lecto
187 3579 272 3648 Orph.
298 3582 400 3648 Argon.
429 3587 493 3635 1131
520 3584 681 3655 ἤρήρεισται
711 3596 765 3634 non
792 3590 921 3648 corrupto
949 3579 1057 3648 quidem
1086 3583 1126 3644 (ut
1155 3580 1296 3645 dividendo

96 3666 225 3720 Eustath.
245 3666 281 3721 ad
302 3674 330 3720 Ψ
345 3669 406 3735 ul),
434 3665 483 3723 scd
506 3682 652 3736 perperam
678 3667 714 3721 ab
739 3667 835 3735 ignaro
855 3666 990 3721 Graeculo
1015 3682 1050 3720 ax
1068 3666 1206 3720 homerico
1226 3668 1295 3738 ἤριζ-

96 3769 190 3826 ρεισιο
214 3769 331 3820 procusa
356 3755 455 3823 (locum
480 3755 628 3825 adscripsit
654 3754 766 3810 Lobeck
793 3755 882 3811 Elam.
906 3755 919 3807 l
949 3761 994 3808 111
1025 3762 1080 3811 not.
1102 3759 1163 3823 62),
1191 3754 1296 3821 placuit

95 3845 188 3895 tamen
206 3849 318 3896 auctora
338 3842 500 3899 Thierschio
519 3844 581 3898 Gr.³
598 3842 678 3913 §232
698 3859 739 3899 nr.
754 3848 787 3896 94
807 3842 928 3897 Christio
947 3843 1025 3908 adeo,
1045 3849 1075 3895 ut
1093 3843 1166 3897 inter
1184 3842 1296 3896 Homeri

96 3928 178 3981 verba
197 3930 338 3998 reciperet,
358 3931 438 3985 simul
458 3932 542 3986 πάντ’
561 3932 589 3984 in
610 3931 715 4001 ὄμματ’
735 3939 850 3987 mutato.

166 4019 187 4084 ¹)
212 4017 251 4073 Cf.
283 4020 446 4075 vernaculae
477 4021 588 4088 linguae
618 4020 780 4075 locutionem
811 4019 950 4087 uolgarem
987 4018 1049 4074 ‘den
1079 4018 1155 4088 Kopl
1185 4020 1296 4088 haagen

96 4103 211 4158 lassen':
238 4104 321 4174 Sopb
348 4107 479 4175 Antigon.
502 4112 611 4174 269111.
637 4105 668 4167 ὃς
687 4109 797 4166 πάντας
823 4110 851 4166 ἐς
876 4108 966 4161 πέδον
990 4108 1064 4179 κάρα
1088 4108 1187 4161 νεῦσαι
1215 4110 1296 4180 φόβῳ

96 4195 286 4265 προῦτρεψεν.
312 4195 408 4263 Eurip.
427 4193 501 4254 Med.
525 4201 557 4248 21
585 4194 642 4249 οὔτ’
662 4194 733 4266 ὄμμ’
753 4194 898 4267 ἐπαίροοο’
926 4194 983 4248 οὔτ’
1003 4196 1226 4248 ιῖτιαλλιίοσουσα
1245 4198 1296 4265 γῆς

96 4280 262 4352 πρόσωπον.
281 4283 339 4339 Ion.
358 4288 418 4340 582.
438 4282 526 4351 lphig.
546 4283 608 4336 Aul.
631 4288 704 4339 1123.
727 4283 853 4351 Xenopb.
873 4283 972 4352 Cyrop.
984 4282 1009 4338 ,V
1036 4289 1056 4350 1,
1071 4289 1095 4338 l.
1114 4283 1295 4341 Demosthen.

95 4374 163 4437 περὶ
182 4370 330 4439 στεφάνου
349 4376 408 4427 123.

168 4456 189 4523 ·)
208 4455 301 4511 Etiam
332 4456 421 4512 minus
450 4457 557 4512 arridet
587 4472 679 4512 eorum
711 4456 848 4513 sententia
884 4456 931 4526 qui
968 4459 1064 4513 admo
1093 4473 1144 4525 pro
1173 4456 1296 4514 subiecto

96 4541 234 4611 accipiunt
253 4541 348 4609 (schol.
368 4544 413 4608 Β).
