2964 5018
557 227 792 296 -493-

79 419 193 502 Eurip.
224 420 310 485 Med.
345 424 437 486 1173.
477 424 567 486 1176.
605 423 698 487 1206.
732 421 854 485 Phoeu.
894 420 986 483 1395.
1021 417 1092 499 lph.
1125 417 1161 481 Τ.
1192 419 1267 482 318.

81 525 199 590 Bacch.
225 527 297 591 731.
322 525 378 590 Α1.
402 526 482 591 Aah.
509 528 580 591 182.
604 524 766 591 Theocrit.
790 524 837 589 IV
860 525 912 588 37.

168 668 208 675 -
239 649 271 710 p.
302 632 382 695 246:
417 629 553 695 Hesiodi
581 629 660 696 locis
695 628 760 715 (Sc.
791 631 852 695 341
878 647 947 708 sqq.
979 627 1041 692 308
1065 624 1128 711 sq.)
1166 624 1270 690 addas

79 735 230 799 Parmeu.
257 735 294 798 17
320 751 388 813 sqq.
413 733 463 799 ed.
488 732 589 799 Stein.

168 878 207 884 -
231 857 262 919 p.
279 840 342 904 246
358 858 389 903 n.
409 843 443 903 1:
467 839 534 905 fors
550 838 625 904 mihi
642 838 758 905 obtulit
772 838 944 921 gemellum
967 837 1083 915 locum,
1100 833 1273 918 Cyuewulf

80 945 184 1009 Elene
207 945 268 1009 237
293 961 362 1024 sqq·
427 1031 502 1085 leton
522 1033 559 1100 pt
578 1030 639 1085 ofer
656 1030 792 1098 lllelwadg
811 1028 913 1095 remige
931 1028 1042 1082 scrldan

426 1118 524 1173 broute
543 1118 716 1188 bulmpissau.
735 1116 803 1172 bord
822 1115 862 1170 olt
881 1114 983 1182 ouleng

427 1205 486 1260 oler
503 1205 690 1275 earhpebloud
708 1207 763 1273 yda
782 1220 913 1272 swengas.

426 1296 474 1349 aad
492 1295 637 1348 swinsade.

81 1367 197 1448 ‘I'Jbers
231 1385 322 1449 Meer
358 1383 474 1450 luhreu
509 1384 556 1448 sie
590 1384 650 1449 auf
678 1384 784 1449 hohen
819 1381 967 1447 Schiffeu.
1019 1379 1076 1446 011
1109 1379 1179 1445 traf
1208 1379 1271 1444 den

80 1488 169 1553 Bord
193 1488 251 1554 der
274 1490 402 1555 Welleu
425 1489 554 1572 Schlag.
599 1488 647 1554 Es
669 1489 822 1554 rauschte
846 1488 898 1552 die
922 1487 1004 1552 See'.

169 1634 208 1641 —
232 1615 263 1677 p.
288 1597 349 1660 247
374 1601 440 1661 not.
468 1600 501 1661 1:
534 1595 689 1660 aoristum
720 1590 822 1678 ’ἴαχον
848 1594 971 1658 habeut
997 1592 1054 1656 Ar.
1075 1591 1158 1670 aqu.
1190 1591 1272 1655 1016

81 1700 248 1785 (heram).
279 1703 341 1783 Ap.
365 1701 468 1767 Rhod.
499 1701 545 1765 IV
576 1703 626 1766 76.
660 1701 773 1767 incert.
805 1699 894 1783 idyll.
919 1699 936 1764 Ι
966 1697 1102 1782 (Mosch.
1133 1694 1199 1780 ΙΙΙ)
1230 1696 1272 1759 30

81 1806 132 1871 ed.
156 1807 235 1871 Ahr.
259 1807 343 1887 App.
367 1805 460 1871 Plan.
484 1808 557 1885 305,
586 1809 613 1871 1.
638 1805 754 1870 Kaibel
777 1808 850 1887 790,
868 1808 897 1871 7.
923 1844 963 1851 -
987 1810 1053 1870 not.
1078 1805 1114 1868 2:
1142 1801 1273 1868 vocales

81 1909 214 1976 elisione
236 1916 324 1976 totas
347 1909 469 1975 hauriri
492 1910 582 1975 nulla
610 1911 726 1977 relicta
748 1911 910 1993 particula
940 1911 1036 1976 docet
1065 1915 1098 1974 et
1124 1906 1162 1972 11.
1186 1912 1272 1987 trag.

81 2016 134 2081 ad.
158 2016 289 2081 395N.²
312 2016 367 2081 ubi
397 2017 491 2102 τήνδε
519 2023 646 2099 μοῦσαν
668 2049 690 2072 =
713 2018 800 2106 τήνδ’
832 2021 989 2099 ἐμοῦσαν,
1021 2012 1147 2079 collatis
1177 2010 1272 2076 Simul

80 2140 165 2201 quae
187 2121 288 2186 habet
309 2120 484 2205 Dionysius
504 2123 804 2188 Halicarnassensis
828 2123 869 2187 de
893 2125 1080 2208 συναλοιφῇ,
1104 2118 1143 2183 de
1167 2135 1269 2197 comp.

80 2226 171 2291 verb.
195 2225 242 2289 VI
265 2244 316 2291 ex.
339 2226 441 2292 XXII
465 2226 511 2311 (in
536 2227 564 2293 τ’
588 2227 712 2313 εὐκλέ’).

527 2386 573 2450 IV
596 2405 627 2466 p.
653 2388 714 2451 122
737 2406 768 2450 n.
793 2387 822 2450 7.

170 2488 265 2566 ἱκέτις
295 2507 366 2554 cum
399 2490 542 2572 ἱκνέιμαι
572 2495 746 2572 cognatum
776 2508 848 2555 esse
879 2487 997 2554 Graeci
1026 2507 1091 2552 non
1123 2487 1274 2554 videntur

82 2590 265 2674 dubitasse,
297 2592 400 2679 ἱκέτης
424 2592 564 2680 ἀφῖγμαι
594 2593 731 2676 legimus
759 2593 845 2674 apud
868 2592 1120 2673 Aristophanem
1143 2591 1272 2656 Thesm.

83 2699 162 2777 180,
196 2696 229 2762 in
264 2696 367 2762 titulis
401 2696 560 2778 Epidauri
593 2697 736 2764 inventis
771 2698 867 2774 ἱκέτις
898 2695 1049 2783 α’φίκειο,
1086 2697 1181 2773 ἱκέτις
1214 2698 1274 2760 ἵκω

82 2801 200 2866 Kaibel
222 2802 265 2867 lt.
289 2805 350 2867 641
375 2803 404 2867 Β
427 2806 457 2868 6.
502 2806 548 2870 At
578 2803 705 2885 decepti
728 2809 805 2868 sunt
831 2801 955 2868 formae
978 2807 1134 2868 externae
1164 2802 1272 2867 simili-

81 2906 202 2988 tudine,
227 2926 302 2972 uam
327 2907 431 2994 ἱκέιης
446 2908 601 2992 originem
625 2909 718 2974 duxit
741 2910 783 2974 ab
805 2908 870 2974 alla
891 2907 1002 2974 radice
1024 2907 1059 2972 ilc
1082 2926 1165 2988 quae
1187 2906 1274 2973 Inest

80 3010 115 3075 in
138 3017 203 3093 got.
228 3013 366 3079 aihtron.
399 3014 611 3097 Participium
635 3015 697 3080 rite
720 3014 892 3080 formatum
914 3015 1071 3080 habemus
1091 3015 1125 3080 in
1149 3013 1273 3097 ἴκμενας

83 3110 193 3198 οὖρος,
224 3138 308 3199 quae
338 3120 439 3186 verba
465 3120 603 3184 Romani
632 3125 749 3201 poetae
772 3126 862 3185 recte
884 3120 1143 3202 interpretantur
1167 3120 1273 3186 ‘flatus

81 3222 196 3303 optati’
231 3226 376 3305 ‘optatae
410 3226 532 3290 aurae’.
577 3225 651 3291 Huc
684 3225 878 3290 trahendum
912 3232 1085 3307 praeterea
1120 3231 1273 3311 προΐκτης

81 3345 274 3408 quamquam
307 3328 498 3396 offendimur
530 3329 784 3412 praepositione
821 3336 1014 3411 expectatur
1047 3331 1132 3396 enirn
1165 3331 1274 3412 potIus

82 3432 163 3516 πρός
185 3433 321 3513 quaein
349 3435 411 3501 hac
432 3454 469 3500 re
488 3435 612 3502 usitata
634 3440 685 3500 est
707 3433 911 3518 (προσαιτεῖν
934 3435 1171 3520 προσδιδόναι).

169 3697 267 3779 Apud
290 3594 853 3783 01111111ο11111111111ο3ἒ111111311.
878 3702 922 3777 εἰς
945 3699 1031 3787 Δήμ.
1056 3701 1097 3765 26
1120 3718 1206 3780 sqq.:

289 3805 323 3873 τᾷ
343 3803 369 3857 δ’
387 3806 459 3875 1111ιᾷ
479 3806 564 3859 καλὸν
583 3808 669 3865 aluos
689 3807 858 3872 ἐποιήσαντο
876 3809 1021 3875 Πελασγοὶ

289 3892 437 3963 δένδρεσιν
455 3895 629 3965 ιῖμᾳιλαᾳιές·
649 3895 698 3948 διά
717 3913 766 3949 κεν
783 3896 866 3965 μόλις
885 3891 972 3960 nirdam
991 3894 1092 3952 ὀιστός·

290 3982 321 4033 ἐν
339 3986 431 4043 πίτυς,
450 3983 481 4035 ἐν
498 3984 621 4053 μεγάλαι
640 3985 753 4036 aridem
773 3983 850 4044 ἕσαν,
870 3982 900 4033 ἐν
920 3980 949 4032 01·
973 3985 1018 4032 καὶ
1040 3981 1130 4050 ὄχναι,

290 4071 320 4122 ἐν
339 4070 368 4122 δὲ
390 4068 460 4123 καλὰ
480 4072 644 4140 γλακύμαλα
662 4073 717 4124 κτλ.

83 4154 153 4240 Quo
184 4156 254 4222 loco
286 4157 379 4234 αι’τῠς
408 4150 515 4223 solent
543 4176 602 4239 pro
625 4156 824 4225 nominativo
854 4156 1029 4240 singularis
1055 4156 1275 4237 habereque

83 4261 125 4327 de
153 4260 424 4343 interpretatione
462 4261 559 4328 hodie
587 4281 681 4328 nemo
719 4263 870 4330 dubitare
898 4263 1045 4343 videtur,
1080 4280 1274 4343 quamquam

82 4364 258 4447 singularis
287 4383 439 4430 numerus
465 4364 498 4430 in
521 4366 582 4431 hac
604 4366 788 4432 sententiae
811 4366 1065 4433 conformatione
1088 4367 1188 4431 habet
1209 4365 1272 4430 lor-

81 4475 173 4534 tasse
204 4471 438 4552 aliquantillum
469 4471 554 4551 quod
582 4470 761 4552 displiceat.
815 4471 939 4537 Eadem
974 4471 1131 4537 sermonis
1165 4470 1273 4536 incon·

83 4575 224 4640 cinnitas
260 4576 399 4641 recurrit
433 4576 594 4642 Theocrit.
619 4575 702 4641 VIII
723 4579 763 4640 41
789 4594 836 4657 sq.
