2956 5040
687 188 924 254 „200-

203 377 367 443 locutione
384 376 548 471 explicare
564 376 655 460 velis,
677 378 735 444 tibi
751 360 919 460 optativus
935 378 1139 446 adhibendus
1155 379 1237 446 erit:
1264 379 1406 467 εὔχειρος

205 483 328 567 γένοιτο
359 480 418 567 (so.
448 480 596 568 artifex)!
622 482 738 550 πόντον
768 482 880 561 ἄξενον
908 488 1011 550 nauta
1041 484 1097 565 qui
1127 485 1405 554 transnomiuavit

206 585 372 666 Εὔξεινον,
402 585 465 651 hae
495 586 715 669 appellatione
746 607 825 654 usus
854 587 933 653 nihil
964 587 1054 654 aliud
1083 589 1189 657 voluit
1219 589 1404 674 siguificare

206 711 303 773 quam
338 693 416 759 hoc:
456 692 584 771 Πόντος
621 695 745 779 γένοιτο
781 692 969 780 εὔξεινοςλῑ)
1015 693 1114 760 Haud
1152 714 1248 763 secus
1285 698 1405 780 accipio

205 797 379 881 partieipia
403 797 555 884 ὀνήμενος
579 796 749 882 οὐλόμενος
773 799 889 882 quibus
919 800 1101 882 quicunque
1129 801 1235 868 utitur
1256 803 1293 868 id
1323 804 1405 884 quod

206 908 320 986 sperat
341 908 375 968 et
405 908 500 985 optat
529 903 639 971 verbis
668 905 860 986 pronuntiat
893 906 1029 989 perinde
1060 926 1099 973 ao
1129 907 1157 973 si
1186 907 1253 973 iam
1284 907 1405 974 factum

207 1012 296 1075 esset
322 1012 357 1073 et
387 1007 581 1074 absolutum.
627 1008 700 1075 Hac
730 1010 858 1076 ratione
887 1031 929 1077 ue
959 1015 1075 1078 contra
1105 1011 1217 1095 graeci
1246 1011 1405 1077 sermonis

206 1113 348 1179 indolem
371 1113 501 1195 peccari
524 1114 655 1197 obicias,
679 1113 719 1181 cf.
743 1115 822 1181 Hes.
848 1114 973 1202 λὴμολε·
998 1113 1067 1194 ἄξιε
1090 1120 1306 1202 λιθαοθῆνοι.

293 1218 343 1282 Ne
368 1245 388 1283 ο
411 1221 475 1285 213
506 1219 635 1301 quidem
663 1220 761 1286 aliam
784 1225 883 1301 atque
906 1220 1024 1286 ceteris
1047 1221 1126 1287 locis
1150 1226 1184 1287 et
1206 1221 1406 1304 singularem

206 1322 447 1403 interpretandi
477 1324 637 1390 rationem
667 1324 855 1410 (οὐλομένης
883 1324 1068 1411 perditae)
1092 1324 1312 1390 adhibendam
1336 1343 1406 1390 esse

129 1458 131 1461 ’
208 1427 312 1511 possit
335 1427 495 1510 quispiam
519 1429 661 1512 Opinal'i:
691 1449 767 1496 nam
792 1428 910 1515 Ἅιδης
934 1436 1087 1495 πολεῖται
1116 1440 1184 1506 τοῖς
1208 1433 1405 1514 deductam-

208 1533 298 1600 κόοιν
321 1534 376 1614 qui
399 1535 526 1617 precari
550 1536 672 1617 solent,
704 1541 808 1602 morte
838 1540 875 1601 ut
896 1533 1083 1600 infortuniis
1110 1533 1200 1600 vitae
1227 1533 1407 1600 liberentur

208 1645 308 1722 atque
331 1640 510 1707 solvantur.
545 1640 592 1706 Cf.
617 1670 635 1706 ο
658 1643 700 1707 60
717 1660 785 1722 sqq.
810 1640 851 1705 de
873 1639 947 1720 ipsa
961 1638 1139 1721 Penelopa,
1164 1656 1248 1718 quae
1269 1638 1425 1721 Medeae

208 1744 318 1811 verbis
341 1745 389 1810 uti
412 1744 520 1827 potuit
543 1745 699 1824 δύστανος
722 1745 784 1831 ἐγώ
805 1735 956 1827 μελέανε
981 1743 1095 1822 πόνων,
1120 1743 1157 1808 ἰώ
1179 1743 1320 1824 μοι’μοι,
1345 1747 1408 1820 πῶς

210 1847 249 1914 dv
280 1847 433 1930 ὀλοίμαν,
464 1849 516 1915 cui
546 1849 694 1932 optativo
725 1849 933 1933 participium
965 1848 1138 1934 οὐλομένης
1170 1875 1189 1912 ο
1219 1849 1284 1913 273
1316 1865 1407 1913 accu-

208 1951 372 2018 ratissime
401 1952 602 2034 respondere
632 1953 720 2019 haud
751 1953 817 2019 scio
849 1974 892 2020 an
923 1953 996 2018 aliis
1019 1953 1187 2020 videatur:
1212 1971 1274 2034 ego
1299 1957 1408 2017 tameo

209 2061 244 2121 et
264 2056 338 2123 huic
360 2054 625 2137 interpretationi
654 2056 782 2123 officere
811 2077 889 2124 usius
917 2058 1134 2124 constantiam
1158 2056 1214 2139 qui
1236 2057 1324 2122 hauc
1345 2055 1408 2122 for·

210 2179 294 2226 mam
331 2161 410 2227 solis
448 2161 597 2227 concedit
638 2162 935 2250 vituperantibus)
977 2163 1120 2229 arbitror
1158 2167 1193 2227 et
1230 2162 1408 2227 Homerum

210 2265 421 2348 explicatoris
451 2264 557 2347 ipsum
587 2265 675 2332 viam
705 2271 907 2333 monstrasse
941 2266 1053 2332 addito
1085 2265 1181 2333 'velut
1209 2264 1407 2347 interpreta-

209 2377 318 2437 mento
342 2370 512 2436 enuntiato
535 2371 674 2438 relativo
706 2376 764 2457 τῆς
788 2401 822 2438 τε
846 2372 930 2449 Ζεὺς
955 2370 1050 2451 ὄλβον
1082 2369 1229 2456 οἰοηὺρα;
1262 2369 1407 2452 acquies-

209 2476 346 2544 cendum
368 2476 470 2559 igitur
499 2494 616 2542 censeo
646 2477 680 2543 in
711 2475 875 2560 Apollonii
902 2474 1076 2556 Sophistae
1106 2473 1273 2539 sententia
1304 2472 1409 2551 (οὐλο-

209 2582 307 2669 μένης
329 2611 351 2636 =
375 2581 575 2668 ἀπολομένης
597 2612 619 2636 =
641 2581 815 2667 perditae).
1106 2577 1108 2599 λ

211 2679 217 2693 ’
296 2686 474 2767 Hucusque
498 2685 665 2767 disputavi
688 2686 728 2751 de
755 2684 918 2767 participii
943 2682 1113 2766 οὐλόμενος
1135 2682 1168 2751 vi
1195 2687 1295 2764 atque
1320 2690 1410 2765 pote·

210 2799 314 2875 state3
346 2810 433 2856 nuuc
462 2810 569 2873 pauca
600 2791 722 2857 addere
753 2791 848 2856 decet
877 2790 918 2855 de
948 2790 1053 2855 forma
1083 2795 1230 2854 externa.
1277 2787 1411 2854 Vocalis

210 2895 244 2960 in
267 2893 389 2959 aoristo
412 2898 532 2960 natura
554 2894 665 2960 brevis
687 2893 784 2959 metri
799 2892 908 2976 gratia
931 2893 1091 2975 producta
1112 2897 1188 2974 post
1204 2911 1245 2958 ea
1261 2911 1348 2973 quae
1371 2893 1412 2959 de

211 2998 283 3065 aliis
307 2997 440 3065 vocibus
463 2998 579 3081 collegi
609 2997 769 3064 neminem
801 2997 915 3080 opinor
944 2997 1009 3063 iam
1041 2996 1199 3078 offendet;
1231 3016 1336 3079 quare
1354 2997 1412 3065 vel

210 3124 270 3187 per
307 3103 444 3187 formam
482 3103 593 3168 licebit
626 3102 779 3185 amplecti
813 3101 972 3168 Classenii
1010 3100 1208 3167 seutentiam
1247 3121 1346 3182 quam
1384 3101 1412 3167 si

210 3210 314 3275 solam
336 3208 501 3275 notionem
524 3215 654 3290 spectes
678 3209 789 3289 utique
813 3207 1062 3290 praeferendam
1086 3225 1159 3272 esse
1183 3207 1412 3274 demonstrare

211 3314 403 3381 studuimus.
448 3314 494 3379 At
516 3333 582 3379 non
604 3313 699 3378 modo
722 3313 820 3379 licere
844 3312 1009 3394 amplecti,
1034 3312 1102 3378 sed
1116 3311 1211 3377 unice
1233 3330 1316 3378 vera
1339 3330 1413 3378 esse

211 3438 296 3501 quae
330 3419 371 3484 de
404 3419 466 3484 hoc
495 3418 655 3486 vocabulo
686 3417 822 3484 Classen
857 3417 1024 3499 exposuit,
1061 3415 1190 3483 ostendi
1223 3421 1337 3498 potest
1369 3417 1413 3484 ad

210 3521 431 3588 testimouium
454 3521 581 3589 vocatis
605 3521 729 3602 aliquot
751 3523 951 3606 tragicorum
973 3521 1051 3587 locis
1072 3521 1128 3587 ubi
1152 3519 1303 3602 ὀλόμενος
1325 3521 1412 3588 idem

211 3627 303 3696 valet
325 3633 424 3708 atque
447 3626 612 3708 epicorum
636 3625 818 3709 ον’λόμενος.
863 3627 977 3710 Eurip.
1002 3627 1075 3692 Hel.
1101 3629 1165 3694 230
1188 3645 1257 3707 sqq.

213 3752 420 3760 ———-—-

285 3802 303 3868 ¹)
322 3801 389 3854 ‘Der
401 3796 518 3854 Schiffer
535 3800 675 3855 udnschte
688 3800 746 3855 sich
766 3799 852 3854 durch
870 3799 922 3854 den
941 3799 1137 3855 liebkosenden
1149 3801 1257 3855 Numen
1276 3802 1412 3861 Εὔξεινος

212 3887 368 3957 (wirthlieh)
394 3887 546 3954 gleichsam
573 3888 626 3943 den
653 3889 727 3943 Zoro
754 3888 843 3944 dieser
871 3887 922 3943 See
948 3904 1010 3942 vom
1034 3888 1121 3942 Leibe
1144 3904 1178 3942 zu
1195 3887 1311 3942 halten’
1348 3890 1413 3943 Pott

213 3976 304 4046 Etym.
323 3976 444 4044 Legend.
465 3975 508 4031 bei
527 3976 580 4031 deu
599 3978 683 4032 Alton
701 3977 800 4032 Philol.
821 3977 916 4044 Suppl.
935 3978 962 4031 ll
981 3983 1031 4030 ala
1057 3977 1103 4045 qui
1128 3982 1222 4030 tamen
1241 3991 1298 4029 rem
1318 3977 1412 4043 paullo

213 4065 294 4119 aliter
321 4064 460 4132 explicare
487 4063 595 4119 ridetur
622 4065 798 4134 t‘treibender
825 4063 920 4120 Grund
947 4063 1166 4132 Deisidamonie,
1196 4061 1298 4116 welche
1326 4061 1412 4117 durch

213 4151 371 4219 Milderuug
390 4152 438 4207 des
456 4153 578 4208 Namens
601 4155 672 4209 auch
699 4154 749 4209 das
773 4151 859 4207 Omen
877 4151 923 4204 for
942 4150 999 4204 sich
1018 4167 1051 4203 zu
1069 4149 1227 4205 rerbessero
1246 4149 1410 4218 gedaehte’).

284 4243 303 4307 ²)
323 4241 381 4295 Hoc
400 4247 493 4297 tamen
512 4257 547 4296 ne
566 4241 678 4297 nimium
698 4257 805 4310 urgeas,
825 4239 858 4298 cf.
878 4238 999 4294 Kaibelii
1018 4243 1112 4293 uotam
1130 4237 1166 4292 ad
1185 4239 1271 4306 epigr.
1291 4254 1333 4292 nr.
1352 4244 1411 4305 204,

213 4334 247 4382 20
266 4328 300 4383 de
318 4332 452 4404 σοογερός
472 4329 669 4399 ’ἀορλοοοοὶλὶοῗ
693 4330 739 4384 uhi
758 4328 844 4383 addes
863 4326 1043 4394 Aristophan.
1074 4325 1241 4396 Thesmoph.
1265 4331 1332 4383 1048
1354 4345 1409 4396 sqq.

214 4412 235 4469 a}
261 4416 420 4490 κατάρατος
445 4417 499 4485 ἐγώ
522 4447 550 4455 -
573 4447 603 4455 -
625 4422 686 4472 eide
714 4436 751 4487 με
771 4418 918 4489 πυρφόρος
938 4420 1055 4484 αἰθέρος
1084 4414 1173 4488 ‹torpe›
1193 4413 1242 4470 τὸν
1264 4416 1410 4489 βάρβαρον

214 4502 376 4561 ἐξολέσειεν.
