2956 5018
562 223 794 288 -455—

172 421 285 500 Αρρος
308 419 338 479 Γ
360 417 428 479 128.
454 421 483 478 Β
506 416 577 479 107.
602 419 630 478 Σ
652 415 724 477 264.

159 516 255 602 ’Ἀρεῖ
274 518 317 583 in.
342 525 371 583 B
393 522 466 584 479.
485 515 580 602 Ἄρει
602 518 654 582 fin.
681 519 797 581 3216.

158 621 264 708 ’Ἄρηϊ
284 623 326 687 in.
350 629 381 687 B
402 623 475 687 515.
501 660 541 667 -
565 624 686 687 11823.
712 623 771 685 841
797 619 879 698 (ἐπ’).
910 620 988 685 Hes.
1013 619 1132 701 Theog.
1157 621 1229 684 936.

158 726 260 814 Ἄρηϊ
280 728 372 811 antipa
397 727 439 792 in.
464 732 500 793 X
521 729 571 792 72.

157 831 267 920 Ἄρηα
292 839 320 898 Ε
341 837 413 899 827.
444 834 562 899 Υ152.

169 940 207 1003 In
232 940 387 1005 vocabulo
415 939 499 1019 quod
523 958 543 1002 a
565 939 691 1021 syllaba
717 957 794 1004 vere
824 938 922 1019 longa
943 934 1076 1016 incipiat
1105 934 1261 1014 quomodo

80 1043 165 1124 epici
188 1062 225 1108 eo
248 1041 418 1123 pervenire
441 1041 606 1122 potuerint
627 1046 664 1106 ut
685 1041 745 1105 hac
768 1058 839 1104 sese
861 1040 934 1121 lege
960 1056 1076 1104 severa
1098 1036 1260 1118 scrupulo-

80 1147 207 1212 sissime
236 1147 485 1228 adstringerent,
494 1146 519 1231 ¹)
550 1165 609 1228 ego
639 1165 703 1211 non
734 1164 897 1226 assequor.
943 1145 1012 1209 Fac
1041 1142 1212 1224 aliquando
1241 1171 1261 1208 α

81 1271 159 1318 vere
183 1271 302 1332 anceps
324 1251 438 1316 fuisse:
472 1250 557 1316 illius
580 1250 654 1317 aevi
676 1255 808 1332 poetae,
841 1268 904 1329 qua
927 1254 978 1313 est
1000 1254 1034 1313 et
1056 1252 1128 1312 erat
1149 1247 1261 1328 procul

80 1357 177 1423 dubio
206 1357 270 1421 iam
300 1361 376 1421 ante
400 1356 532 1421 Homeri
562 1360 704 1421 aetatem
726 1354 841 1420 Martis
871 1372 986 1419 nomen
1008 1353 1041 1418 in
1064 1351 1162 1433 epicis
1191 1371 1260 1417 car-

78 1461 216 1527 minibus
243 1461 441 1543 frequentia,
472 1460 541 1526 lieri
568 1461 655 1525 nullo
686 1459 779 1526 modo
809 1458 915 1541 potuit
944 1458 1019 1539 quin
1049 1457 1166 1523 multos
1190 1456 1258 1522 eius

77 1566 208 1649 generis
231 1585 345 1633 versus
374 1570 571 1647 pangerent,
605 1564 692 1631 cuius
722 1569 799 1630 sunt
825 1583 845 1630 a
868 1562 1035 1644 Spitznero
1065 1561 1190 1628 laudati
1219 1581 1260 1628 ex

78 1671 250 1752 Apollonio
272 1671 397 1737 Rhodio
421 1671 455 1736 ll
478 1673 538 1735 991

302 1778 425 1846 Νύμφης
444 1770 459 1842 1‘7'
478 1775 500 1828 τ’
515 1779 592 1848 'App
611 1778 836 1847 φιλοπτολέμους
855 1780 915 1830 τέκε
934 1775 1036 1848 κούρας

77 1847 132 1912 ΠΙ
157 1849 217 1913 183

288 1933 465 2007 φρασσόμεθ’
485 1935 533 1988 εἴτ’
548 1937 625 2006 'quu
644 1935 830 2003 σονοισόμεθ,
850 1938 905 1987 εἴτε(
923 1952 963 1991 τις
982 1933 1047 1997 (ἴλλη

76 2027 111 2087 et
134 2040 176 2087 ex
198 2022 392 2087 Manethone
416 2027 446 2086 Β
470 2024 531 2087 170

301 2125 359 2178 ‹elt'
375 2129 453 2197 ’Λρης
474 2131 575 2178 οἴκοισι
595 2126 705 2193 Κρόνου
725 2128 834 2179 πολιοῖο
854 2126 982 2194 βεβηκώς.

75 2213 129 2278 Ex
155 2213 249 2278 unius
272 2213 476 2280 Manethonis
505 2212 595 2277 libris
626 2232 651 2276 ο.
676 2214 716 2277 23
746 2211 840 2277 buius
869 2211 1018 2276 licentiae
1049 2211 1195 2292 exempla
1224 2211 1257 2276 in

75 2319 213 2384 schedas
236 2338 324 2384 meas
347 2319 473 2400 rettuli,
501 2337 606 2400 panca
629 2317 787 2382 accedunt
809 2336 849 2381 ex
872 2315 952 2397 aliis,
977 2316 1255 2399 Batrachomyom.

76 2425 137 2487 211
174 2423 242 2507 (nbi
265 2422 352 2508 “Hpq
383 2422 618 2506 Banmeister),
650 2420 771 2485 Gallim.
802 2421 831 2485 h.
864 2420 938 2486 Jov.
971 2422 1009 2484 tt
1047 2419 1115 2503 (ubi
1143 2419 1256 2486 videas

75 2534 183 2593 tamen
208 2528 395 2594 Schneideri
417 2527 551 2610 notam),
576 2527 642 2590 ΑΡ.
660 2526 707 2590 Vl
723 2529 773 2607 01,
790 2527 819 2589 3.
844 2525 995 2606 1711449,
1013 2527 1042 2589 2.
1066 2524 1115 2589 IX
1138 2527 1211 2605 323,
1224 2527 1254 2606 3,

75 2633 175 2715 Orph.
199 2632 238 2697 fr.
263 2634 313 2714 30,
338 2635 357 2697 2
381 2633 451 2713 Ab,
477 2632 585 2696 Tzetz.
610 2630 779 2695 Antebom.
804 2632 854 2695 23.

161 2737 207 2802 At
242 2756 319 2801 casu
356 2736 477 2801 factum
515 2742 551 2800 ut
586 2737 698 2801 borum
732 2736 810 2800 nihil
848 2735 950 2800 simile
984 2735 1070 2816 apud
1108 2739 1255 2800 vetustos

72 2844 203 2925 legatur
224 2841 390 2923 putaverit
405 2840 578 2922 quispiam:
603 2859 696 2921 quem
719 2840 873 2905 refutabit
895 2841 1035 2905 locorum
1052 2859 1131 2921 quos
1154 2840 1254 2906 habes

73 2952 245 3030 congestos
269 2947 355 3027 apud
377 2946 561 3011 Hardernm
582 2947 603 3010 l.
627 2947 648 3011 l.
672 2945 885 3030 multitudo.²)

159 3051 294 3117 Accedit
316 3051 437 3132 quoda
460 3045 715 3136 bisyllabi’itpqc
737 3070 778 3115 ne
794 3049 859 3115 arsi
882 3049 1009 3130 quidem
1027 3049 1060 3114 in
1083 3050 1254 3117 omnibus

72 3175 188 3224 versus
211 3155 340 3220 sedibus
356 3161 466 3236 aptum
490 3155 627 3234 videtur,
652 3174 672 3219 a
694 3155 836 3220 secunda
856 3154 939 3220 enim
955 3163 988 3220 et
1011 3163 1127 3236 quarta
1142 3162 1253 3221 arcent

71 3260 194 3329 vetusti
216 3265 332 3341 poetae
356 3279 548 3340 quamquam
571 3259 635 3324 alia
658 3259 800 3324 eiusdem
824 3278 994 3324 mensurae
1014 3259 1084 3343 t--)
1106 3258 1156 3323 bis
1175 3258 1253 3323 locis

71 3364 260 3429 admittunt:
279 3363 396 3449 Ἕκτωρ
417 3362 546 3448 Κάλχας
564 3364 699 3443 Νέστωρ
715 3361 797 3440 Ἠώς
817 3364 959 3444 Κύκλωψ
985 3369 1095 3440 Φοῖνιξ
1112 3365 1251 3446 Μέντωρ

67 3461 164 3553 Ὧραι
197 3469 350 3552 leguntur
378 3471 425 3536 ita
454 3471 487 3536 in
517 3469 659 3535 secunda
689 3475 724 3534 ut
757 3468 825 3533 sola
856 3468 969 3548 pedem
1001 3467 1138 3532 efficiant
1167 3471 1251 3533 teste

69 3665 153 3731 Ἄρει)
173 3662 245 3729 apud
268 3662 357 3728 epicos
376 3664 490 3732 primam
509 3678 615 3730 semper
635 3662 744 3727 longam
764 3659 875 3714 habere’
893 3659 1040 3725 contendit,
1059 3661 1086 3714 in
1105 3658 1250 3714 Homerum

72 3756 143 3802 certe
169 3747 304 3816 quadrare
329 3750 423 3818 nequit
447 3749 637 3804 demonstrari.
672 3749 715 3801 Ex
740 3765 793 3802 uno
818 3749 888 3802 enim
906 3764 984 3801 rersu
1012 3754 1037 3802 Δ
1059 3752 1107 3800 441
1132 3761 1165 3800 ne
1192 3747 1252 3814 quis

69 3836 192 3904 regulam
220 3836 281 3890 elici
311 3853 390 3904 posse
417 3837 543 3906 opinetur
572 3838 616 3891 vix
647 3844 734 3890 metus
761 3843 809 3890 est.
839 3866 868 3874 -
893 3834 989 3906 ’Ἄρεος
1024 3833 1121 3888 Kaibel
1148 3839 1211 3902 152,
1235 3840 1250 3886 2

70 3923 227 3992 (Kirchboff
243 3925 333 3978 Herm.
352 3926 376 3976 V
396 3925 445 3991 55).
472 3924 547 3996 Ἄρει
568 3924 673 3980 Semon.
696 3930 717 3989 l,
739 3930 777 3977 13.

143 4014 164 4074 ¹)
183 4010 233 4064 Vel
253 4014 343 4080 οοίάρ
364 4007 460 4070 ὅππως
485 4028 553 4079 qnae
579 4010 709 4065 vocabula
734 4012 849 4079 priorem
875 4010 963 4064 solent
987 4011 1013 4063 in
1038 4009 1093 4063 arsi
1117 4008 1250 4063 collocare

69 4099 184 4167 singulis
203 4099 268 4152 locis
289 4129 318 4137 -
339 4115 404 4167 qnos
423 4107 578 4168 suspectare
597 4099 674 4154 nefas
694 4100 782 4170 [Δελι.
798 4105 872 4166 1890,
894 4104 949 4151 103.
974 4097 1138 4152 Herwerden
1157 4097 1195 4152 St.
1215 4112 1250 4149 cr.

69 4191 98 4243 in
124 4189 209 4256 epigr.
233 4204 272 4255 gr.
300 4193 347 4240 130
372 4203 412 4240 nr.
431 4187 475 4258 st]
497 4218 526 4226 -
548 4189 574 4241 in
598 4187 664 4242 dnos
689 4187 770 4256 pedes
798 4187 995 4240 distribuuntur
1017 4184 1167 4252 (Gerhardt
1190 4186 1249 4240 lect.

69 4278 122 4343 Ap.
144 4280 199 4328 112.
227 4274 324 4329 Nauck
344 4275 408 4330 Mel.
426 4292 465 4342 gr.
485 4291 551 4330 rom.
570 4275 607 4328 IV
626 4281 674 4329 601
693 4292 753 4328 cum
773 4283 827 4329 not.
847 4281 887 4329 13.
908 4279 977 4343 613).

142 4367 162 4431 ¹)
182 4363 267 4418 indici
286 4363 457 4418 Harderiano
477 4378 562 4431 neque
580 4363 615 4416 ab
634 4362 706 4416 omni
724 4369 803 4429 parte
827 4363 906 4430 pleno
925 4377 1011 4430 neque
1030 4362 1128 4417 erratis
1146 4364 1249 4418 carenti

70 4480 102 4489 -
123 4456 148 4504 E
165 4455 224 4503 803.
251 4456 275 4505 Ζ
294 4455 344 4503 203
369 4450 440 4503 salso
467 4451 538 4503 inter
563 4449 747 4517 productionis
765 4448 889 4518 exempla
908 4449 1062 4504 reseruntur
1081 4480 1110 4489 -
1131 4449 1250 4508 addendi

69 4546 133 4593 sunt
151 4537 203 4591 loci
222 4537 267 4606 qui
287 4538 389 4591 babent
406 4537 538 4591 adiectiva
557 4537 690 4611 ι”ιρριοοος
710 4537 814 4611 ἀρήιος.
