2940 5026
720 161 934 224 ,94-

312 351 343 412 4.
375 347 514 429 denique
545 349 718 431 corrigiam
748 352 943 437 δερματίνην
973 351 1054 416 eollo
1085 350 1333 417 circumdatam.
1377 353 1421 417 De

225 469 306 518 voce
345 453 447 538 δέρμα
484 453 770 537 interpretamenti
813 457 884 522 loco
923 455 1070 521 adhibita
1110 455 1151 521 cf.
1190 456 1274 522 Hor.
1314 464 1376 522 sat.
1408 457 1422 522 l

226 558 255 638 6,
280 559 320 622 27
345 575 392 638 sq.
418 558 531 641 ‘nigris
562 558 711 641 pellibus'
736 559 772 644 (=
794 559 956 645 corrigiis)
986 578 1048 625 nec
1077 577 1141 625 uon
1172 560 1297 642 Agath.
1322 561 1421 627 Schol.

225 662 294 726 ΑΡ.
318 661 367 727 VI
388 665 441 744 41,
466 667 496 743 2·
510 661 569 749 τὴν
592 665 781 750 cooperitur
802 665 929 750 βύρσαν
952 663 989 748 (=
1012 665 1135 729 ‘lorum'
1160 663 1302 751 Jacobs)
1326 666 1421 732 ὑπαν-

224 767 343 852 χενιήν.

310 890 402 954 Haec
426 887 533 953 omnia
563 890 713 970 quamvis
737 891 869 958 diversa
892 891 1002 972 aliqua
1025 911 1106 959 voce
1134 911 1155 957 a
1179 891 1299 978 *dipsa
1326 893 1421 974 ‘Hala

222 993 367 1059 Nucken'
392 1011 453 1074 ope
469 992 575 1058 suffixi
598 995 712 1081 -ισιήρ
729 995 880 1063 derivata
903 996 1071 1078 aptissime
1087 996 1240 1062 denotari
1261 1003 1421 1080 poterant.

311 1097 365 1162 Ad
389 1100 417 1162 1.
442 1096 481 1162 cf.
507 1097 642 1164 Theocr.
666 1100 769 1166 XXII
791 1103 831 1166 51
857 1120 905 1181 sq.

432 1237 522 1312 αὐτὰρ
543 1237 614 1313 ὑπὲρ
634 1239 735 1293 ruituro
755 1244 802 1292 καὶ
822 1242 967 1309 αὐχένος
985 1241 1112 1312 ᾐωρεῖτο,

432 1329 528 1399 ἄκρων
547 1325 639 1400 δέρμα
657 1331 771 1388 λέοντος
790 1331 967 1399 depactum
986 1330 1016 1380 ἐκ
1036 1327 1198 1382 αοδεώνων.

309 1449 363 1512 Ad
386 1449 415 1512 2.
449 1446 603 1534 αὕχέιιαι·
638 1455 774 1536 χιτῶνος
798 1445 882 1525 εἶδος
911 1467 951 1514 ex
975 1448 1163 1530 Antiphane
1191 1451 1234 1515 ab
1259 1451 1422 1536 Hesychia

222 1552 372 1635 allatum;
389 1554 430 1618 de
446 1554 676 1621 terminatione
693 1560 893 1642 ποδιστῆρας
909 1556 1047 1632 πέπλους
1059 1554 1177 1619 Aesch.
1190 1553 1342 1638 Choeph.
1356 1561 1420 1624 991.

309 1695 340 1758 3.
363 1713 464 1775 perae
487 1695 569 1760 collo
593 1713 782 1777 suspensae,
807 1694 899 1761 velut
923 1693 1141 1782 αιιερμαφόρῳ
1163 1693 1250 1784 πήρη
1273 1695 1424 1783 &peperi

127 1880 128 1883 ρ
178 1845 181 1852 ·
223 1796 306 1881 (ΑΡ.
337 1797 387 1864 VI
419 1802 494 1881 104,
529 1799 562 1886 1)
601 1819 627 1866 S.
659 1800 744 1890 πὴρῃ
778 1798 967 1888 κατωμαδιῂ
1005 1796 1105 1883 (App.
1138 1797 1235 1864 Plan.
1269 1801 1352 1883 200,
1383 1804 1420 1887 2),

222 1903 400 1984 appellatio
424 1924 444 1969 a
467 1904 595 1971 nomine
626 1905 763 1973 cervicis
794 1904 893 1970 ducta
916 1923 981 1970 non
1010 1903 1117 1969 minus
1140 1905 1301 1971 conuenit
1332 1927 1419 1988 qnam

223 2009 369 2099 φαρέτρῃ
393 2012 580 2100 κατωμαδιῂ
604 2010 723 2095 (Nonn.
747 2010 841 2076 Dion.
862 2010 915 2089 42,
932 2007 1002 2093 4)1)
1026 2007 1195 2088 epitheton
1220 2014 1418 2097 ααραυχενιή

222 2111 321 2198 (App.
346 2115 439 2181 Plan.
465 2116 538 2198 253,
566 2117 609 2201 1).

308 2254 338 2316 4.
379 2254 580 2335 intuentium
619 2251 783 2317 exviduata
820 2249 903 2336 (ΑΡ.
934 2251 982 2316 VI
1012 2254 1068 2331 35,
1097 2252 1132 2336 6)
1167 2269 1193 2316 S.
1231 2256 1419 2343 ἐπαυχένιον

221 2357 381 2443 κυνάγχαν
409 2357 541 2442 (Rhian.
565 2357 634 2422 ΑΡ.
658 2357 707 2423 VI
730 2359 781 2437 34,
806 2356 841 2441 3)
869 2360 959 2420 reete
991 2360 1189 2443 δερβιστῆρα
1221 2359 1289 2425 diei
1314 2364 1415 2429 crede·

220 2480 329 2528 remus
371 2461 427 2527 uni
467 2461 677 2545 Lycophroni
718 2459 826 2545 (Alex.
868 2461 951 2525 1100
990 2457 1229 2547 αὕχενιστῆρος
1274 2466 1415 2551 βρόχου),

221 2566 319 2632 etiam
342 2565 370 2630 si
392 2585 457 2630 non
481 2565 637 2630 adessent
658 2565 721 2630 loci
744 2565 786 2630 ad
809 2563 1071 2646 persuadendum
1095 2566 1148 2631 vel
1172 2568 1280 2650 magis
1305 2570 1415 2651 idonei,

220 2671 351 2754 glossae
382 2688 482 2751 supra
513 2689 554 2734 ex
577 2668 741 2752 Hesychia
771 2674 805 2735 et
831 2669 961 2736 Zonara
991 2667 1113 2733 allatae
1144 2675 1179 2735 et
1209 2669 1415 2763 δε[ρ]ρισιὴς·

221 2776 379 2861 κυνάγχης
403 2775 625 2859 περιαυχένιος
647 2775 742 2839 ΗΘΒ.
766 2774 813 2839 Cf.
838 2779 1012 2856 praeterea
1033 2777 1280 2864 μασχαλιστὴρ.

308 2898 354 2961 At
383 2895 555 2976 scrupulus
582 2893 726 2960 residet.
761 2893 795 2959 Si
818 2895 1050 2976 grammaticus
1072 2895 1256 2965 invenisset
1277 2903 1414 2984 glossam

222 3001 405 3088 δερβισιιῇρ·
439 3003 558 3086 δέρμα,
589 3002 623 3067 in
654 3001 871 3085 explicatione
893 3020 970 3066 num
1000 3020 1119 3069 revera
1148 3003 1356 3088 profugisset
1379 3007 1413 3073 ad

220 3104 423 3189 πλεονασμὸν
454 3112 511 3172 τοῦ
543 3107 589 3190 p?
634 3107 749 3173 Nonne
783 3107 907 3174 formae
942 3126 1038 3188 quam
1067 3107 1190 3174 habere
1222 3114 1335 3192 potuit
1364 3133 1413 3197 pro

218 3212 375 3295 primaria
399 3213 500 3297 δέρμα
525 3210 648 3299 τραιιῆν
671 3217 729 3279 τοῦ
750 3242 775 3296 μ
799 3216 843 3290 εἰς
864 3219 886 3295 β
909 3212 1064 3277 adhibere
1081 3212 1171 3278 -id
1194 3217 1284 3295 quod
1308 3225 1413 3286 nostra

218 3316 374 3383 memoria
403 3316 549 3382 nonnulli
578 3316 728 3383 fecerunt
758 3354 798 3362 -
822 3314 1059 3398 praetulisset?
1104 3316 1156 3381 Ex
1186 3337 1262 3385 mea
1290 3323 1412 3402 quiden

218 3421 383 3488 sententia
412 3421 474 3487 hoc
496 3420 608 3500 utique
630 3420 855 3503 praetulisset,
885 3440 982 3501 quam
1012 3422 1144 3487 obrem
1173 3451 1196 3506 μ
1230 3437 1411 3513 corruptum

225 3544 298 3593 esse
321 3523 476 3590 arbitrari
498 3523 617 3589 malim.
649 3522 779 3591 Scribas
801 3545 860 3606 pro
885 3527 922 3592 τὸ
946 3531 1112 3593 ΛΕΡΜΑ
1134 3526 1292 3597 facillima
1316 3541 1412 3601 muta-

216 3631 306 3697 tione
337 3628 377 3696 ιδι
401 3633 577 3695 ΔΕΡΑΙΑ
607 3627 766 3708 simulque
790 3647 831 3694 ex
862 3629 936 3711 ipsa
959 3631 1176 3711 explicatione
1200 3635 1301 3705 tollas
1333 3637 1413 3725 παρὰ

217 3734 254 3802 τὸ
279 3737 370 3820 δέρος
399 3735 502 3802 verba
525 3736 641 3814 postea
671 3732 800 3799 demum
829 3734 936 3801 inlata
956 3755 1054 3817 quam
1087 3737 1412 3821 interpretamentum

218 3841 332 3927 δέραια
362 3841 468 3907 labem
504 3839 617 3905 traxit.
664 3841 777 3923 δέραια
813 3841 915 3907 habes
946 3863 977 3910 v.
1001 3861 1029 3908 c.
1060 3843 1139 3910 Eur.
1164 3845 1241 3912 Jou.
1269 3853 1352 3917 1431
1385 3855 1412 3915 et

216 3945 358 4031 Hesyeh.
383 3947 480 4012 εἰλεα·
505 3944 605 4011 ἄθλια
627 3948 760 4030 χαλινοί
780 3950 898 4031 δεσμοί
917 3949 1017 4035 φιμοί
1036 3950 1161 4036 δέραια.

216 4109 424 4119 ——-——-———

216 4190 362 4246 Rehdantz
393 4187 540 4245 introduct.
572 4189 600 4243 in
628 4190 771 4246 Anubasin
799 4191 924 4259 Xenoph.
950 4192 989 4246 Vl
1017 4190 1051 4247 de
1083 4194 1209 4266 διφθέρα
1235 4197 1320 4254 dicit:
1358 4198 1411 4253 ‘Die

216 4277 353 4333 Munition
371 4285 436 4346 trug
460 4275 509 4332 der
532 4277 715 4333 Schleuderer
739 4279 767 4333 in
791 4280 868 4334 einer
891 4278 1020 4334 ledernen
1045 4281 1151 4336 Tauche
1175 4285 1327 4362 (διφθέρα)
1352 4301 1411 4341 torn

214 4380 275 4418 rom
294 4363 432 4418 Nacken
450 4363 556 4419 hereb!

288 4458 306 4520 ¹)
326 4449 366 4506 01.
388 4451 418 4506 0.
438 4450 589 4506 Schneider
607 4451 767 4512 Callimach.
787 4453 800 4506 I
817 4470 843 4523 p.
863 4460 922 4514 311.
