2956 5040
689 173 924 238 „254-

290 367 321 431 h.
345 367 376 431 h.
400 364 507 448 Apoll.
531 365 595 430 373
619 362 764 449 (Πυθίου
786 364 988 450 καλέουσιν),
1019 382 1113 445 quein
1142 383 1274 432 versum
1293 365 1403 432 inune·

204 470 266 535 rito
290 470 425 535 exulare
447 468 562 534 iubent
583 467 744 533 Ruhnken
768 466 833 550 alii,
843 466 868 554 ¹)
891 467 1061 534 Hermann
1086 468 1274 534 coniectura
1298 474 1336 535 ut
1357 469 1405 535 ait

202 572 354 655 Spitzner
388 573 444 658 (de
474 590 560 640 vers.
590 591 640 654 gr.
671 572 740 637 her.
772 570 828 657 85)
861 571 1041 654 ‘probabili'
1072 572 1271 640 sollicitavit.
1324 573 1402 639 Tro·

202 679 337 744 chaeum
374 676 408 743 in
443 677 548 758 prima
581 677 659 742 sede
693 675 773 742 ferri
812 694 909 757 posse
947 675 1009 743 sibi
1042 676 1208 758 persuasit
1251 676 1403 742 Francke

202 782 359 864 exemplis
393 781 564 848 fallacibus
598 780 632 846 in
663 799 806 847 errorem
838 769 1004 848 inductus
1055 786 1198 870 Πυθῴος
1232 781 1404 864 proposuit

201 885 427 954 Schneidewin
450 886 522 951 coll.
555 890 720 975 Σαπφρῖος
742 891 804 952 etc.
840 885 1002 976 (Πυθῴος
1032 887 1152 953 Kaibel
1178 906 1228 952 nr.
1253 889 1332 969 931,
1357 887 1401 970 2).

201 991 408 1057 Baumeister
441 990 582 1072 denique
611 991 645 1056 in
678 991 753 1057 adn.
786 991 829 1057 ad
862 991 968 1057 locum
1000 990 1161 1074 Ilgenium
1195 996 1329 1056 secutus
1360 990 1402 1056 ad

199 1093 297 1162 Ἰλΐου
329 1101 361 1160 (λ)
385 1097 448 1161 104
478 1092 672 1181 κακοεργΐης
700 1122 722 1180 χ
745 1098 810 1162 374
840 1095 1034 1178 provocavit
1063 1114 1147 1176 quae
1170 1100 1281 1161 lamen
1305 1094 1402 1160 aliter

200 1206 391 1284 comparata
420 1206 506 1267 sunt.
552 1201 656 1284 Fugit
683 1199 772 1268 viros
796 1199 1000 1266 doctissimos
1023 1199 1087 1265 duo
1110 1198 1212 1265 fulsse
1236 1199 1401 1267 adiectiva

200 1326 221 1373 a
251 1306 380 1372 nomine
410 1305 516 1371 Πυθώ
546 1303 631 1390 (voc.
660 1310 778 1371 Πυθοῖ
806 1309 826 1369 l
851 1306 916 1371 405
947 1304 1023 1389 etc.)
1058 1303 1223 1385 derivata,
1259 1303 1400 1369 alteram

200 1409 350 1489 Πίου-1ος
373 1429 438 1492 qna
459 1409 493 1475 in
516 1427 597 1478 voce
619 1407 807 1475 terminatio
830 1406 999 1491 prototypi
1021 1412 1059 1474 ut
1081 1406 1202 1490 passim
1227 1406 1266 1472 fit
1288 1408 1398 1490 negle-

198 1515 331 1602 gitumll
362 1515 501 1580 alterum
525 1513 714 1579 athemius
737 1519 892 1579 Ποίων-ε
922 1511 1085 1598 Ilvam-³)
1109 1529 1170 1592 ope
1201 1509 1309 1577 suffixi
1332 1538 1397 1578 -w-

198 1620 313 1686 endem
351 1619 480 1696 ratione
517 1618 650 1684 ductum
683 1637 749 1699 qua
784 1623 935 1705 Γοργεῑος
975 1647 1006 1673 <
1043 1616 1242 1702 Τοργέρὲιος
1278 1621 1307 1681 Ε
1335 1620 1396 1682 141

197 1734 213 1790 λ
237 1728 301 1792 634
325 1744 345 1791 a
372 1731 400 1791 Γ
398 1725 525 1811 οργώ.*)

282 1846 359 1913 Sine
397 1846 577 1912 mutatione
613 1845 715 1928 igitur
752 1850 812 1911 aut
845 1845 1057 1911 excusatione
1090 1843 1219 1926 lougius
1254 1845 1398 1926 repetita

195 1971 312 2023 versus
342 1952 454 2037 hymni
483 1952 638 2018 homerici
667 1952 811 2034 perbene
842 1956 932 2016 stare
962 1956 1088 2032 potest,
1120 1949 1214 2015 modo
1245 1949 1397 2031 pusillam

194 2060 300 2126 labem
323 2057 449 2124 recenti
470 2056 705 2124 Graeculorum
729 2054 996 2137 pronuntiatione
1019 2071 1189 2136 aspersam
1212 2054 1395 2139 sustuleris,

194 2163 395 2247 diphthongo
420 2191 448 2228 ει
471 2181 530 2245 pro
554 2191 566 2228 ι
587 2167 701 2250 μακρῷ
724 2167 882 2230 revocata
904 2160 1064 2240 simulque
1088 2157 1232 2241 legitimo
1256 2166 1396 2227 accentu

193 2269 347 2335 reducto:
372 2274 520 2333 llvdetov
541 2267 721 2332 καλέουσιν.
756 2265 880 2333 Errore
903 2263 959 2345 qui
973 2265 1034 2331 boc
1056 2267 1127 2333 loco
1149 2267 1250 2334 libros
1273 2269 1396 2337 insedit

193 2373 272 2439 nihil
295 2372 498 2453 frequentius
522 2377 582 2453 est,
606 2369 800 2452 praesertim
823 2368 1052 2437 in·adiectivis
1075 2389 1160 2451 quae
1183 2373 1339 2440 desinunt
1361 2374 1393 2440 in

193 2477 330 2563 -κιος,·1)
365 2476 404 2542 ci.
436 2495 464 2542 e.
496 2495 543 2559 gr.
575 2476 606 2540 b.
637 2475 669 2540 h.
699 2475 717 2540 I
747 2476 811 2540 389
845 2473 901 2539 ubi
931 2472 1139 2541 Baumeister
1172 2477 1393 2545 coniecturam

191 2719 393 2775 Friedemauno
420 2718 454 2772 de
481 2716 572 2771 media
600 2715 708 2785 syllaba
735 2723 856 2783 pentem.
884 2731 974 2783 graec.
1002 2717 1071 2785 eleg.
1098 2733 1124 2784 p.
1152 2724 1203 2772 1151
1233 2719 1392 2776 Demodoco

190 2809 272 2864 herio
290 2809 372 2876 lrgm.
391 2813 415 2876 1,
435 2807 504 2864 213.⁴

423 2894 539 2951 Πάντες
558 2892 631 2959 πλὴν
649 2894 822 2967 Προκλέους·
842 2898 889 2945 καὶ
910 2896 1055 2967 Προκλέης
1075 2900 1159 2955 Χίιος

190 2983 291 3039 collato
309 2981 419 3052 Phocyl.
439 2980 520 3048 lrgm.
542 2985 565 3047 1,
583 2980 652 3035 λΒ.4

408 3070 523 3128 Πάντες
543 3067 615 3135 πλὴν
632 3070 806 3142 Προκλέους·
825 3072 872 3119 καὶ
892 3070 1039 3140 Προκλέης
1057 3074 1174 3139 Λίριος.

189 3158 266 3212 Libri
285 3157 390 3212 babent
410 3158 439 3210 dl
459 3163 541 3219 Χίος,
560 3153 633 3210 unde
653 3156 682 3209 dl
705 3157 777 3209 Χίου
797 3153 898 3220 Bergk.

262 3248 280 3315 ¹)
299 3245 442 3299 Hermann
461 3243 496 3297 dc
516 3244 612 3298 metris
631 3248 673 3300 13.
701 3239 844 3296 Windisch
864 3239 898 3294 de
916 3241 1026 3310 hymnis
1045 3243 1195 3297 maioribus
1214 3249 1257 3300 11.
1285 3245 1390 3300 Contra

188 3347 256 3402 quos
280 3348 304 3388 v.
328 3333 424 3401 Meyer
442 3329 476 3385 de
495 3329 689 3398 compositione
707 3327 872 3395 theogoniae
898 3328 1051 3384 Hesiodeae
1078 3329 1169 3387 Berol.
1192 3330 1301 3388 dissert.
1324 3338 1388 3386 1881

211 3463 215 3472 .
238 3424 279 3476 lt.

187 3435 206 3488 p
259 3507 279 3572 ²)
298 3505 471 3570 Δευκαλίδυς
499 3529 532 3548 =
560 3505 754 3561 Δευκαλίωνος
781 3499 854 3556 filius
881 3506 912 3555 N
936 3507 996 3558 452.
1032 3502 1202 3572 Ἀνθεμίδης
1229 3508 1256 3558 Δ
1277 3510 1330 3559 488
1355 3530 1388 3549 =

188 3597 381 3666 Ἀνθεμίωνος
409 3592 469 3651 υἱός
498 3594 524 3645 Δ
539 3595 600 3646 4111.
635 3587 748 3643 Lobeck
772 3587 891 3645 Eleml
917 3593 975 3643 392.
1013 3591 1192 3656 Angermann
1217 3589 1246 3647 O.
1272 3589 1350 3647 Stud.
1376 3591 1387 3643 l

189 3692 215 3752 1,
240 3689 282 3738 89.
319 3680 533 3753 ‘Hpculey-tdqe
561 3679 648 3733 simm.
688 3677 768 3733 Blass
796 3680 924 3742 Αυοιρο.1
953 3680 993 3729 58.
1031 3673 1145 3730 Meister
1172 3675 1257 3732 Diali.
1285 3677 1299 3731 1
1327 3682 1388 3735 298.

185 3771 212 3824 11
231 3776 273 3827 98.
310 3768 449 3825 Prellwitn
468 3766 533 3822 dial.
553 3764 668 3820 thessal.
693 3773 730 3819 11.

256 3858 277 3926 ³)
296 3857 329 3913 V.
348 3857 422 3910 locos
441 3855 476 3908 ab
496 3852 730 3907 Huebschmanuo
748 3850 808 3920 Idg.
828 3851 1016 3920 Vocalsystem
1038 3856 1085 3904 116
1104 3850 1250 3907 indicatos.

258 3948 279 4011 ⁴)
296 3943 415 3998 Nomina
433 3943 462 3997 iu
480 3942 519 3994 -ιί
538 3941 624 4010 (ma),
647 3938 721 4007 qnod
740 3939 777 3994 ad
794 3939 916 3994 vocalem
936 3939 1049 4006 attinet,
1074 3953 1129 3992 non
1149 3937 1308 4008 discrepent
1325 3957 1386 3996 cum

185 4034 269 4093 αἰδώς
283 4032 413 4099 (αλδεσ-);
434 4030 562 4096 υλναυλιίς.
602 4026 644 4084 Of.
663 4028 766 4099 mesdei:
785 4027 908 4098 οἰφειίλής
927 4025 999 4093 (gen.
1013 4027 1150 4095 α’φειδέος
1165 4047 1197 4073 <
1211 4026 1386 4098 ’ἅφειδέροῂ

184 4137 239 4190 qua
257 4119 291 4174 de
309 4134 340 4174 re
359 4119 430 4174 alias
448 4133 540 4186 agam.
560 4146 593 4155 -
611 4114 783 4171 Adiectivum
806 4121 939 4190 Γοργεῑος
964 4113 1148 4182 neglexerunt
1169 4114 1385 4171 Hucbschmsnn

183 4204 873 4276 11,1161111116.Μορου1ξ325ρ.316.

255 4295 275 4360 1)
295 4292 480 4348 Conseruntur
505 4290 592 4347 Cobet
616 4289 674 4344 VL.
698 4296 732 4344 86
751 4306 790 4358 sq.
821 4288 899 4346 Misc.
924 4289 984 4347 crit.
1010 4294 1062 4343 208
1081 4306 1139 4359 sqq.
1176 4288 1208 4348 0.
1232 4289 1385 4347 Schneider

182 4382 290 4438 Gallim.
324 4380 350 4433 II
380 4385 424 4432 tot
457 4395 497 4436 nr.
526 4383 576 4432 aab
605 4378 638 4432 de
666 4380 854 4438 Μελάντειοςί
887 4380 1054 4438 Μελοὲυῆος
1086 4377 1251 4447 disputans·
1282 4379 1382 4434 Kaibel

184 4486 224 4524 nr.
246 4475 304 4538 195,
323 4475 340 4522 l
359 4470 475 4542 Ἀριαίῳ
494 4467 643 4535 (vss-J-l.
