2986 5010
675 185 910 249 -326-

194 384 368 462 cognatum
392 377 539 443 videtur:
574 376 608 441 id
632 375 718 456 quod
742 394 780 439 eo
808 373 935 439 facilius
959 374 1088 439 admitti
1111 374 1219 456 potuit
1250 376 1397 455 quando-

194 482 324 564 quidem
348 481 447 546 etiam
470 480 555 564 ἔχειν
574 479 743 559 utriusque
766 477 908 544 notionis
924 477 1115 562 (servandi
1124 479 1150 563 ¹)
1174 486 1208 545 et
1224 480 1398 565 arcendi)

195 604 327 668 compos
351 589 434 650 erat.
520 588 523 592 ⁴

208 710 211 715 ⁴
282 693 312 755 2.
335 689 468 755 litterae
492 685 636 752 aeolicae
652 686 812 751 absentia.
841 687 1014 770 Digamma
1030 688 1124 770 euim,
1148 688 1240 754 cuius
1256 688 1400 769 plurima

195 793 336 878 vesbgr'a
363 792 397 858 in
428 789 521 858 verbi
549 791 653 873 sapio
683 788 823 855 flexione
852 789 1017 855 homerica
1046 790 1276 874 inveniuntur,
1309 793 1399 858 nullo

195 899 300 984 10002)
325 897 386 964 sibi
408 896 515 978 poscit
541 895 635 960 radix
664 897 738 976 ἐρα·
770 892 806 978 ῥυ
838 894 1003 975 ‘servare',
1036 895 1145 960 multis
1176 902 1364 962 aversatur.
1372 896 1399 979 ³)

102 1038 128 1042 n
197 1036 303 1111 [352.
325 1084 354 1092 -
376 1051 444 1112 Διὸς
469 1054 536 1106 νόον
561 1054 720 1126 εἰρύσσαιτο
746 1057 768 1107 Θ
791 1057 838 1104 143
857 1075 886 1094 ω
906 1053 1044 1120 ἐρυκέμεν
1063 1053 1190 1119 εύρυόπα
1208 1053 1268 1118 Ζῆν
1296 1057 1321 1106 Θ
1340 1057 1399 1106 206.

197 1143 296 1215 κραδίῃ
312 1143 399 1211 χόλον
424 1143 475 1194 ούκ
499 1142 632 1213 ἐρύσαιτο
656 1144 683 1193 Ω
703 1144 753 1192 581
780 1138 814 1202 (v.
839 1138 856 1191 l.
882 1141 917 1191 ού
941 1138 1117 1210 κατερύκσι);
1142 1154 1309 1206 quamquam
1336 1139 1401 1192 huic

196 1232 257 1284 loco
284 1227 358 1282 barud
384 1227 440 1281 scio
467 1243 502 1281 an
532 1226 643 1281 verbum
672 1224 816 1280 ‘servandi’
845 1239 932 1293 aeque
960 1224 1087 1281 sufficiat.
1108 1256 1138 1265 -
1158 1228 1252 1295 μα’χας
1282 1228 1401 1299 ἐρύσαιο

198 1323 223 1370 E
240 1322 291 1370 456
304 1339 333 1359 ω
345 1313 375 1384 μ’
396 1317 476 1385 ἔρυκε
494 1314 589 1382 μα’χας
608 1318 636 1366 Σ
648 1313 718 1365 1261
739 1342 770 1351 ·-
791 1317 878 1366 νύκτα
896 1316 952 1380 μὲν
971 1316 1001 1367 ἐν
1022 1315 1129 1387 περάτῃ
1148 1312 1263 1382 δολιχὴν
1281 1320 1401 1382 σχέθεν,

199 1405 266 1458 Ἠόα
285 1401 310 1455 δ’
329 1399 395 1454 αύτε
416 1399 510 1473 ῥύσατ’
529 1399 573 1454 ἐπ’
592 1400 714 1469 Ὠκεανῷ
735 1412 756 1466 ip
774 1403 825 1452 ala
843 1415 880 1466 sq.
896 1425 924 1445 w
937 1407 1072 1472 escrignes
1091 1406 1139 1454 καὶ
1158 1405 1257 1470 ἔσχεθε
1272 1408 1402 1471 μεμένω

200 1510 252 1561 περ
273 1490 367 1542 dael.
389 1518 417 1526 -
439 1493 584 1541 οἰωνοῖσιν
603 1488 740 1557 ἐρύσσατο
759 1487 829 1558 κῆρα
847 1490 987 1555 μέλαιναν
1007 1493 1102 1541 Bana.
1122 1517 1154 1525 -
1175 1490 1265 1560 ἐρύκοι
1285 1505 1320 1544 ue
1339 1507 1401 1544 cum

200 1581 260 1650 ἐρα·
292 1577 325 1650 pb
351 1590 385 1628 ex
409 1589 464 1628 uno
489 1573 638 1641 eodemque
669 1572 745 1627 loute
775 1588 922 1628 emanasse
947 1575 1083 1643 opineris,
1113 1574 1242 1642 prohibet
1269 1584 1403 1631 constans

199 1665 367 1720 Graecorum
386 1677 451 1716 neus
468 1660 514 1729 qui
533 1661 617 1716 verbo
636 1663 724 1733 ἐρύκω
744 1663 882 1716 notionem
901 1663 1046 1717 ‘servandi’
1065 1679 1173 1730 semper
1192 1663 1348 1731 denegavit.

273 1756 293 1814 ¹)
312 1754 339 1804 Ω
360 1752 409 1802 129
428 1763 468 1816 sq.
487 1747 530 1815 (tle
549 1746 678 1815 Hectore)
698 1750 802 1807 ὄλωλας
827 1752 997 1812 ἐπίσκοπος,
1027 1744 1057 1808 ὅς
1085 1755 1115 1803 τέ
1142 1770 1193 1815 μιν
1223 1747 1313 1814 αὐτὴν
1342 1749 1403 1815 (τὴν

202 1839 295 1904 πόλιν)
314 1838 426 1911 ῥύσκευ,
445 1839 505 1904 ἔχες
525 1833 550 1886 δ’
569 1835 690 1903 τίλόχους
710 1833 814 1895 κεδνὰς
833 1841 879 1887 καὶ
900 1839 988 1901 νήπια
1006 1844 1099 1889 τέκνα.

272 1931 292 1992 ²)
312 1925 354 1980 De
383 1947 392 1976 ι
418 1929 466 1976 194
489 1948 522 1965 ==
548 1942 563 1974 κ
587 1928 637 1973 ull
669 1923 720 1987 νῆα
752 1924 872 1994 ἔρυσθαι
901 1922 939 1989 (in
970 1922 1095 1978 clausula
1121 1925 1226 1988 versus)
1254 1921 1288 1976 ci.
1318 1939 1404 1990 supra

201 2031 227 2083 p.
249 2020 281 2067 ta
299 2030 325 2069 n.
345 2019 369 2068 3.

274 2101 294 2166 ⁸)
313 2098 406 2153 Etiam
428 2101 491 2168 ἐρῖα
510 2097 542 2170 pb
564 2095 691 2150 ‘servare’
711 2109 727 2149 a
746 2095 841 2150 littera
854 2096 959 2152 aeolica
978 2097 1111 2165 incepisse
1124 2115 1179 2153 uon
1199 2107 1273 2153 recte
1288 2106 1404 2151 snrnuut

203 2187 313 2243 Curtius
341 2186 368 2241 C.
396 2184 475 2240 stud.
502 2184 541 2237 Vl
570 2189 621 2238 266
647 2200 704 2252 sqq.
742 2181 823 2239 Verb.
852 2185 878 2236 1²
907 2189 964 2251 182,
992 2181 1103 2249 Nauck,
1127 2183 1196 2237 Fiolr
1223 2182 1275 2239 Od.
1296 2189 1346 2236 194
1367 2183 1404 2236 ad

204 2288 226 2342 ψ
245 2280 287 2343 82,
315 2271 426 2328 Osthoff
449 2272 514 2327 MU.
534 2273 571 2325 lV
600 2278 641 2329 29.
663 2278 719 2327 126.
743 2276 789 2324 131
816 2272 863 2339 qui
887 2271 979 2324 omnia
1000 2285 1100 2338 suaque
1123 2269 1210 2339 deque
1235 2269 1322 2324 babet
1346 2270 1404 2337 alii,

202 2364 220 2417 ii
240 2361 348 2432 quidem
368 2358 433 2414 freti
452 2359 619 2415 sanscriticis
638 2369 751 2412 carator
769 2358 937 2424 ‘Abuebren
961 2356 1143 2410 Beschirmer'
1162 2359 1278 2411 oorntbo
1297 2357 1403 2422 ‘Webr,

202 2449 317 2514 Sonitu,
336 2446 460 2502 Obdach'
480 2461 594 2513 quorum
614 2444 694 2499 radix
713 2445 784 2500 inest
802 2445 831 2498 iu
856 2445 960 2499 aeolico
980 2446 1152 2516 Ευρυσίλαος
1172 2444 1241 2499 Coll.
1260 2460 1302 2497 ur.
1322 2443 1403 2497 2810

203 2536 283 2604 (Ficlr
311 2533 362 2592 Od.
386 2534 438 2601 aa).
480 2530 521 2587 Cf.
551 2535 686 2606 Εύρύμας
715 2532 778 2587 Hes.
807 2531 874 2586 Coll.
900 2547 941 2588 nr.
971 2536 1039 2585 31211
1068 2530 1114 2586 ubi
1140 2531 1265 2599 apposite
1293 2546 1404 2599 compa·

203 2631 282 2678 ratur
306 2621 378 2675 hom.
403 2621 523 2691 Ἑρύμας
544 2624 653 2676 11315,
672 2625 723 2672 lla
741 2618 840 2687 quibus
864 2626 958 2673 tamen
981 2618 1047 2673 locis
1072 2619 1211 2686 digamma
1236 2617 1403 2685 excluditur,

204 2723 274 2777 quae
299 2705 454 2762 differentia
473 2706 678 2777 [Εύρυμύνθυς
701 2705 780 2759 Bell.
800 2705 865 2759 XIV
884 2711 981 2764 diligo:
1009 2708 1201 2779 'Euripideum
1220 2706 1403 2778 Εύρυμεναίε

204 2793 356 2869 έριιμνόςῖ]
381 2791 463 2847 facile
489 2790 650 2859 explicatur.
681 2792 778 2846 Graeci
798 2793 870 2846 enirn
893 2800 1059 2860 acceperant
1077 2792 1146 2847 duas
1164 2790 1272 2846 radices
1290 2795 1356 2846 vert
1376 2802 1404 2846 et

204 2883 267 2937 sera
285 2896 400 2949 quarum
420 2887 537 2947 utraque
562 2877 658 2933 eadem
683 2879 726 2932 vel
750 2877 809 2933 fere
834 2878 931 2934 eadem
957 2880 1070 2934 notione
1094 2877 1259 2947 utebantur3
1283 2879 1403 2934 alteram

205 2968 289 3035 (verb)
316 2965 476 3020 maturrime
501 2965 673 3032 abrogarunt
701 2968 724 3021 si
751 2983 806 3020 uon
834 2981 927 3020 omnes
955 2966 1067 3034 Graeci,
1095 2976 1126 3020 at
1155 2967 1174 3020 ii
1200 2974 1276 3021 certe
1303 2967 1405 3035 quibus

204 3053 326 3109 carmina
345 3050 484 3105 homerica
503 3049 652 3119 debentur,
677 3051 843 3107 fortassean
867 3053 948 3107 buius
972 3053 1072 3109 radicis
1098 3053 1308 3122 ambiguitatem
1328 3054 1404 3124 (μρυ

205 3141 334 3195 ‘trahere’
363 3147 391 3193 et
418 3137 556 3206 ‘servare'l
584 3138 734 3203 evitarent,
759 3140 874 3195 alteriue
899 3142 984 3210 (sera)
1008 3141 1219 3197 declinationem
1245 3140 1349 3196 diutins
1375 3143 1403 3196 iu

204 3241 329 3283 sermone
347 3228 421 3281 vitae
439 3227 621 3281 retinuerunt.
654 3226 766 3281 Radicis
781 3244 849 3300 frpo
868 3226 993 3281 ‘servare‘
1014 3229 1130 3296 vestigia
1149 3244 1203 3282 non
1222 3228 1278 3283 iam
1296 3231 1404 3300 conspi-

205 3315 314 3369 ciuntur
332 3314 383 3368 uisi
408 3313 436 3366 iu
455 3313 549 3382 paucis
574 3312 728 3368 nominibus
747 3316 917 3389 (Εὐρύλοχος
937 3316 1129 3389 Εύρύμαχυςῖ
1147 3316 1240 3384 Bergk
1258 3317 1313 3374 lib.
1332 3318 1405 3373 Mus.

208 3409 274 3456 1864
288 3402 362 3455 XlX.
377 3407 436 3459 608.
465 3401 552 3455 Weclr
570 3401 623 3455 Die
635 3401 738 3455 homer.
758 3397 997 3457 Pers'oneunamen
1016 3402 1066 3456 aul
1078 3406 1143 3463 -εύς
1156 3402 1297 3472 Strargem.
1311 3420 1404 3474 progr.

208 3496 274 3544 1880
292 3505 319 3557 p.
333 3488 376 3556 lo)
395 3496 424 3542 et
441 3488 494 3542 nisi
512 3487 595 3543 fallor
613 3489 640 3540 in
654 3486 810 3554 Terpandri
829 3488 894 3541 δίκα
913 3493 1071 3564 εύρυύχυια
1090 3492 1270 3563 (Εύρύ-λεως
1289 3492 1404 3548 Becbtal

205 3579 263 3633 lou.
282 3577 385 3631 lnscbr.
408 3582 439 3629 ta
458 3593 473 3631 c
491 3584 520 3630 l:
544 3578 735 3648 Εύρυσί-λαυς
754 3601 788 3618 =
808 3574 949 3650 Έρΰ-ίαος
969 3585 1000 3631 Π
1019 3584 1067 3632 111
1088 3579 1204 3653 [Ἐρύων
1223 3580 1292 3635 Goll.
1312 3581 1403 3650 3021];

207 3670 401 3738 ἐρύσί-πτυλις
431 3670 456 3720 Ζ
479 3667 550 3728 305).
586 3669 676 3718 Δίκαν
700 3665 875 3734 εύρυύχυιαν
903 3663 948 3731 (fr.
976 3672 1004 3733 6,
1032 3669 1060 3732 2)
1081 3665 1224 3735 intelleget
1250 3666 1405 3736 quicunque

206 3752 362 3806 meminerit
389 3754 416 3807 in
446 3751 564 3806 Graecia
594 3756 624 3806 ἐν
653 3762 713 3812 ταῖς
741 3750 819 3810 ὁδοῖς
848 3755 995 3813 πλείστους
1023 3753 1188 3808 α’δικεῖσθαι
1215 3759 1286 3808 teate
1314 3753 1404 3808 Xeno·

207 3838 310 3905 pbonte
329 3837 496 3893 memorabb.
510 3837 536 3890 ll
553 3844 575 3904 1,
597 3844 642 3905 153
662 3839 821 3908 εὐρυάγυια
840 3846 931 3912 autam
950 3837 1022 3892 idem
1041 3837 1099 3893 fere
1118 3846 1160 3894 est
1178 3840 1253 3908 quod
1271 3844 1404 3896 παίουσα

208 3922 345 3995 ὁδουροὺς
368 3924 513 3994 λυμεῶνας
538 3923 633 3992 Eurip.
658 3924 693 3982 fr.
712 3931 771 3982 260.
809 3930 895 3985 Δίκας
921 3928 1090 4000 εύρυαχυίας
1108 3928 1187 3995 quasi
1214 3937 1405 3997 propugnator

207 4011 299 4065 extitit
325 4010 459 4077 Theseus,
495 4026 554 4064 curn
585 4010 643 4065 vias
672 4027 740 4080 quas
768 4011 887 4067 Scironis
914 4015 1078 4068 Procrustae
1108 4013 1280 4083 aliorumque
1308 4015 1405 4071 feritas

207 4097 324 4151 infestas
342 4096 466 4151 habebat
478 4097 514 4151 ab
533 4096 639 4152 insidiis
651 4105 680 4151 et
697 4099 850 4153 latrociniis
862 4106 938 4154 tutas
956 4099 1092 4155 redderet.
1114 4101 1284 4156 Vocabulum
1299 4106 1404 4176 adport-

209 4205 275 4253 γαια
294 4183 366 4251 quod
384 4184 413 4237 iu
431 4198 557 4238 sermone
573 4184 650 4252 epico
670 4185 752 4255 louge
765 4186 840 4242 aliud
859 4186 1033 4255 significabat
1050 4203 1104 4242 nou
1124 4203 1199 4243 mero
1220 4203 1287 4244 casn
1305 4190 1407 4245 accidit

208 4277 239 4324 ut
256 4269 407 4324 Lesbius
426 4279 509 4338 poeta
527 4286 598 4325 nora
621 4271 851 4339 interpretatione
873 4274 1003 4329 aliorsum
1024 4273 1182 4329 deflecteret
1200 4277 1265 4344 (quo
1287 4276 1322 4331 de
1339 4277 1406 4331 arti·

208 4358 269 4412 ficio
287 4358 377 4425 poetis
395 4373 450 4411 uon
462 4357 573 4412 insolito
592 4357 627 4411 cf.
640 4358 780 4427 Sophoclis
793 4362 875 4429 ἰσχύς
888 4359 967 4427 frgm.
981 4365 1058 4430 tall:
1076 4361 1150 4428 apud
1163 4362 1277 4417 Lesbios
1295 4379 1406 4433 compa·

210 4445 265 4499 ruit
284 4459 382 4499 nomon
395 4448 570 4515 Ευρυσίλαος
584 4445 707 4513 (Meister
719 4463 759 4514 gr.
774 4446 846 4503 liial.
859 4447 872 4500 l
887 4447 947 4515 113)
965 4462 1053 4516 neque
1072 4448 1215 4517 quicquam
1228 4448 1322 4504 obstat
1340 4452 1406 4519 quin
