2940 5026
545 161 782 224 -171-

58 368 127 414 non
150 367 247 431 posse
269 349 358 415 haud
381 349 620 415 contenderim:
651 369 728 416 narn
757 369 863 431 neque
892 349 982 415 notio
1012 349 1140 432 longius
1169 351 1264 415 abest

58 472 259 535 quamquam
274 454 368 521 deest
390 454 560 536 illaquam
583 454 722 521 diximus
737 454 843 543 turpis
866 459 1021 537 aspectus
1039 453 1262 540 significatio)

59 566 96 625 et
131 562 166 638 δ,
205 559 292 640 quod
323 559 358 625 in
391 559 521 642 graecis
555 559 689 629 vocibus
722 560 826 626 radici
864 559 1019 642 accessit,
1057 557 1198 624 recurrit
1229 558 1263 624 in

59 660 213 746 mdndyti
246 669 365 729 maten.
417 664 574 731 Attamen
605 670 640 730 et
670 666 710 731 ob
744 664 939 746 quantitatis
975 661 1262 748 discrepantiam)

58 787 147 849 quae
180 768 267 834 inter
300 765 402 850 μῧδος
436 774 470 833 et
507 772 617 833 ονιιίοπ
652 773 714 834 eto.
750 768 925 835 intercedit
958 773 993 834 et
1027 769 1068 833 ob
1101 766 1263 850 insignem

57 872 203 939 notionis
226 872 417 939 affinitatem
440 871 581 953 quaein
603 891 705 955 germ.
728 893 822 938 ειπια
850 878 885 938 et
906 892 955 956 gr.
979 876 1046 948 μοί
1065 871 1264 954 conspicitur

57 977 196 1060 pronior
216 976 334 1043 fuemm
362 977 405 1043 ad
434 976 524 1042 illam
554 995 651 1058 quam
678 976 787 1059 priore
816 977 887 1044 loco
918 976 1013 1061 posui
1042 975 1263 1044 coniecturam

58 1082 228 1149 tuendam.

150 1203 265 1288 λυγρὸν
287 1201 482 1286 μυλιόωντες
504 1202 582 1269 Hes.
607 1203 691 1285 Opp.
712 1203 811 1289 530³)
834 1203 953 1270 dicitur
976 1203 1017 1270 de
1040 1204 1154 1270 bestiis
1177 1223 1263 1285 quae

58 1313 260 1391 tempestate
282 1308 419 1375 hiberna
443 1306 503 1373 οἷνὰ
528 1310 601 1392 δριά
625 1307 811 1395 βησσήεντα
836 1308 1009 1396 φεύγουσιν
1040 1311 1142 1376 σκέπα
1164 1309 1262 1392 μαιό-

56 1440 157 1496 μενοι
179 1418 214 1480 et
235 1433 301 1483 vox
324 1420 465 1498 cognata
487 1414 618 1482 videtur
640 1434 713 1481 oum
735 1411 822 1500 μΐιιη
846 1412 901 1500 (ef.
921 1412 1130 1498 μνίόδοντις;
1155 1414 1264 1480 carta

57 1519 215 1601 molares;
242 1518 353 1602 μύλαι·
385 1519 534 1607 σταγόνες
556 1520 599 1585 Μ.
631 1519 779 1586 Schmidt
808 1520 851 1586 ad
881 1520 961 1586 HeS.
991 1520 1154 1603 μᾶθινιαι).
1200 1549 1261 1604 μυ-

58 1621 225 1701 λιόωντες·
250 1621 290 1688 τὰ
306 1624 399 1710 χείλη
422 1628 582 1702 κινοῦντες
606 1621 669 1690 ἀπὸ
686 1629 744 1712 τῆς
760 1622 930 1712 ψυχραςῆ
954 1624 1143 1711 συνάγοντες
1166 1624 1188 1713 ἢ
1206 1623 1263 1704 τὰς

56 1728 166 1810 μύλας
198 1728 426 1814 συγκρούοντος
449 1729 524 1794 ΕΜ.
548 1730 622 1811 594,
645 1731 698 1795 47.
736 1730 920 1812 ‘crepitans
951 1730 1103 1798 dentibus
1126 1730 1262 1818 nipast)

57 1854 103 1900 an
143 1833 266 1900 stridor
304 1835 450 1901 dentium
487 1839 662 1917 torquente
695 1834 783 1918 fame
819 1835 906 1901 inter
940 1854 976 1902 se
1014 1836 1261 1923 anemurum)

58 2097 91 2151 τὸ
117 2097 201 2166 σῶμα
224 2095 241 2163 ιγ’
267 2096 316 2163 τὴν
341 2094 465 2169 κεφαλὴν
490 2097 663 2165 σμγ’ξασθαι.
693 2098 820 2170 Κύπριοι
845 2096 891 2151 ubi
916 2098 1079 2167 σμγ’ξασθιιι
1105 2096 1178 2151 idem
1205 2097 1263 2153 fere

57 2182 136 2254 quod
155 2188 274 2239 rooscien
299 2183 344 2254 (os.
364 2192 458 2239 notum
483 2184 656 2253 proverbium
682 2190 815 2239 Λίνίοπιι
839 2188 959 2255 σμήχειν
984 2202 1046 2240 cnm
1072 2188 1128 2244 ΑΡ.
1147 2186 1186 2239 XI
1211 2193 1262 2240 428

58 2279 101 2332 είς
125 2279 153 2324 τί
176 2274 272 2340 μα’τγν
291 2279 399 2332 νίπτεις
420 2271 509 2341 δίμας
529 2271 660 2336 Ἰνδικόν;
680 2301 712 2310 -
733 2272 798 2332 τοὺς
818 2273 937 2332 ὀδόντας
957 2275 1032 2347 οὔρῳ
1061 2279 1261 2343 σμγχσμίνους

57 2360 164 2415 Strabo
183 2360 288 2427 111194
306 2384 335 2405 ω
355 2359 470 2428 ‘puriter
489 2359 556 2413 lavit
574 2357 680 2413 dentes’
700 2359 800 2414 catull.
816 2376 839 2414 o.
853 2365 901 2427 39,
925 2366 956 2413 14
975 2361 1037 2415 coll.
1057 2376 1097 2418 vv.
1120 2366 1151 2415 18
1170 2376 1208 2429 sq.
1228 2391 1262 2400 —

59 2447 152 2516 Apoll.
182 2447 270 2504 Rhod.
294 2446 335 2501 III
362 2452 411 2502 831
441 2448 595 2505 αὐσταλέας
624 2445 650 2498 δ’
678 2448 765 2512 ἔψησε
794 2446 948 2519 παρηίδας
976 2447 1077 2505 catull.
1096 2464 1118 2504 c.
1138 2455 1188 2516 64,
1214 2455 1262 2503 162

55 2532 189 2587 ‘eandida
208 2532 380 2601 permulcens
397 2531 508 2602 liquidis
523 2532 638 2600 vestigia
656 2531 804 2602 lymphis’).
832 2531 922 2586 Aliter
935 2532 967 2591 0.
979 2531 1128 2590 Hoffmann
1141 2536 1197 2593 ΒΒ.
1210 2537 1262 2591 XV

57 2626 93 2674 99
113 2620 160 2688 qui
183 2620 353 2688 comparavit
377 2621 409 2674 sl.
428 2623 495 2691 νπγῑο
520 2620 624 2674 ‘Seite't
654 2628 684 2675 at
708 2620 760 2674 hoo
783 2635 818 2674 ex
835 2620 949 2690 *my-dio
976 2624 1067 2676 ortum
1093 2639 1152 2679 esse
1177 2624 1263 2681 affixa

58 2708 205 2762 notissima
228 2707 422 2762 terminatione
441 2709 509 2761 -dlo
528 2705 609 2760 docet
634 2706 781 2761 Miklosich
806 2707 897 2777 Etym.
922 2707 1106 2763 Wdrterbueh
1131 2727 1152 2768 s.
1172 2727 1194 2768 r.
1212 2733 1263 2782 νινιγ.

135 2815 155 2882 ¹)
172 2814 214 2869 Ne
227 2814 294 2868 mihi
312 2805 377 2872 sert'.
390 2825 478 2868 υιπινο
496 2814 584 2870 ‘Uria’
603 2813 714 2882 obicias,
733 2814 888 2869 memineris
906 2814 955 2870 lat.
969 2825 1052 2871 σνιυο
1071 2814 1173 2884 quoda
1190 2817 1263 2871 *cori

58 2908 139 2960 laert.
159 2905 218 2956 cori
236 2903 339 2970 ‘aqna'l
357 2900 507 2959 descendit.

134 3006 154 3076 ²)
173 3006 263 3062 Semel
294 3022 391 3062 moneo
422 3006 587 3062 Osthoffium
623 3008 690 3061 mihi
724 3025 802 3064 snam
837 3008 871 3064 de
901 3009 1035 3065 vocalium
1066 3011 1263 3087 mutationibus

59 3101 178 3150 accentu
196 3091 299 3149 effectis
318 3111 372 3150 non
391 3095 560 3161 persuasisse
578 3095 742 3161 opinionem.

133 3200 154 3267 ⁸)
172 3201 365 3268 μιιίκιόωνιες
384 3200 544 3254 coniectura
569 3200 752 3256 audacissima
777 3211 819 3258 est
844 3204 965 3259 eiusdem
992 3205 1111 3260 Cratetis
1133 3206 1179 3274 qui
1197 3204 1262 3260 Hes.

58 3284 166 3353 Theog.
194 3291 242 3338 142
269 3289 353 3340 ἄλλον
377 3293 475 3356 στίχον
500 3293 693 3360 παρατίθεται
719 3287 752 3342 de
777 3305 825 3344 suo
851 3290 895 3359 (cs.
915 3290 1026 3346 Hosiod.
1046 3291 1124 3360 frgm.
1146 3297 1193 3346 111
1214 3292 1262 3346 Rz.

58 3373 245 3429 Wilamowitz
265 3375 340 3444 lsyll.
361 3381 401 3432 ts.
439 3374 536 3445 Meyer
554 3374 692 3444 Gigantea
712 3376 768 3431 und
786 3377 907 3433 Titanen
928 3382 995 3447 101).

133 3479 152 3547 ⁴)
172 3477 304 3533 Dentium
332 3479 479 3547 crepitatio
502 3479 531 3532 in
558 3480 669 3534 homine
696 3488 770 3536 certe
797 3481 968 3537 notissimum
994 3483 1097 3551 algoris
1124 3483 1262 3542 indicium.

59 3565 182 3634 Hippon.
200 3564 281 3632 frgm.
303 3571 332 3618 ll
359 3567 429 3638 ῥιγῶ
448 3574 495 3620 καὶ
514 3569 683 3637 βαμβακύζω
702 3568 764 3625 coll.
784 3568 901 3628 Ahrens.
928 3571 1004 3642 Δρῠς
1023 3575 1039 3622 9
1058 3586 1098 3637 sq.
1127 3571 1191 3624 onds
1211 3571 1261 3626 τοῦ

55 3653 202 3721 χειμῶνος
228 3653 409 3719 α’νυπόιίνγτός
435 3673 463 3709 τε
489 3661 535 3708 καί
562 3658 724 3726 ἡμίγυμνος
750 3659 943 3730 περινοστήσω
971 3656 1035 3716 τοὺς
1061 3657 1180 3718 οἰίόντας
1205 3656 1261 3712 ὑπὸ

60 3741 111 3794 τοῦ
130 3741 235 3814 κρύους
254 3743 419 3812 συγκροτῶν
437 3742 552 3801 Luciam.
572 3747 734 3807 κατάπλους
753 3750 795 3814 20,
819 3746 865 3814 qui
884 3745 960 3800 locus
980 3745 1083 3813 optime
1101 3744 1207 3800 faceret
1226 3745 1262 3800 ad

59 3826 175 3884 Hesiodi
192 3844 296 3886 versus.

132 3933 154 3999 ν)
173 3931 305 3986 ‘dentium
323 3932 396 3987 inter
414 3948 443 3988 se
462 3935 644 3990 arietatorum
657 3942 689 3989 ut
706 3935 825 4004 aliquem
845 3949 904 3990 osse
916 3935 1084 4003 cupientium
1104 3954 1158 3992 non
1177 3939 1262 3994 alium

59 4034 157 4074 sonum
176 4035 258 4088 quam
278 4027 320 4073 est
338 4019 414 4086 apris
432 4019 490 4074 tela
509 4036 559 4075 sua
578 4019 685 4075 adtritu
703 4021 873 4076 acuentibus'
896 4023 1011 4090 (Seneca
1030 4021 1064 4076 de
1082 4023 1124 4079 ira
1137 4025 1178 4078 Ill
1192 4032 1262 4096 4,2).

58 4108 164 4163 ‘sonuit
193 4107 360 4163 horrendum
390 4109 517 4177 iusuper,
548 4124 678 4178 crepuere
709 4111 814 4180 malae,
845 4126 967 4180 saxaque
994 4111 1141 4181 impatiens
1169 4130 1262 4171 morae

58 4196 175 4252 revulsit
202 4197 301 4263 unguis
327 4197 432 4251 viscera
459 4204 609 4265 expectans
636 4199 705 4253 mea’
734 4198 779 4266 (de
803 4199 925 4266 Sphinge
953 4199 1015 4258 Sen.
1042 4200 1108 4255 Oed.
1135 4208 1168 4256 98
1187 4204 1263 4272 sqq).

59 4288 195 4344 κακεῖνος
215 4285 342 4343 ἐστέναξε
362 4283 393 4339 τὸ
413 4286 507 4355 στόμα
525 4289 587 4351 (scr.
606 4290 763 4358 γομφίους)
782 4288 894 4358 βρύχιον
918 4289 1005 4355 (ὁμοῦ
1025 4288 1081 4363 γὰρ
1101 4290 1158 4360 εἶχε
1179 4291 1262 4359 λιμὸς

59 4379 107 4424 καὶ
127 4371 211 4439 λύπη)
240 4370 284 4439 (de
303 4372 384 4428 leone
407 4372 491 4431 Babr.
510 4378 559 4441 95,
578 4380 611 4427 45
637 4373 682 4427 ubi
706 4389 731 4431 v.
756 4372 946 4442 Rutherford).
983 4384 1127 4447 γομφίους
1150 4381 1263 4452 βρόχων

59 4458 132 4512 idem
152 4466 196 4513 est
212 4459 285 4527 quod
304 4459 355 4521 τὰς
373 4462 510 4531 σιαγόνος
530 4468 622 4533 πρίων
641 4460 723 4519 Babr.
743 4467 785 4530 96,
804 4467 819 4515 9
839 4462 919 4528 (item
938 4461 972 4517 de
991 4464 1088 4529 leone).
