2940 5026
690 263 731 274 -
773 225 841 293 111
886 261 928 272 -

296 413 467 502 κιγχάνωῑ)
497 416 672 482 formatum
705 415 837 483 videtur
871 419 908 482 ut
943 412 1082 500 θιγγάνω
1117 412 1268 499 τυγχάνω
1303 410 1409 496 (redd.

212 528 267 607 θιγ
290 520 374 607 τνχ).

129 682 130 685 .
296 625 454 710 Hesychii
495 627 616 704 κίξιιτο·
662 616 752 709 εὗρεν
789 623 904 705 ἔλαβεν
947 622 1074 710 ἤνεγκεν
1118 623 1159 688 de
1202 640 1268 703 quo
1311 619 1409 685 inter-

95 779 97 783 .
209 736 415 815 pretamento
449 730 564 798 videas
594 729 692 796 etiam
722 729 766 812 gl.
794 740 895 814 κιχεῖν
925 728 1047 815 (ἤνεγκε
1076 728 1129 794 hio
1150 757 1172 782 =
1197 726 1303 807 tulit,
1337 730 1410 807 trug

209 835 379 903 bavoni?
402 835 464 900 hac
486 834 619 900 notione
646 832 787 898 modium
809 832 1053 919 frequentatur)
1076 850 1177 915 aegre
1200 849 1276 897 cum
1299 829 1410 896 radice

207 939 269 1024 qbe
291 938 525 1006 conciliaveris.

297 1044 449 1110 Aoristus
472 1042 611 1128 κῐχιῖν1)
628 1043 765 1111 eandem
789 1043 930 1127 speciem
945 1063 1026 1127 prae
1050 1061 1086 1110 se
1108 1042 1174 1109 fert
1189 1060 1290 1124 quam
1309 1049 1410 1106 λιννῐν

211 1161 335 1235 στιχεῖν
358 1148 465 1233 (redd.
490 1156 561 1214 λεινι
586 1148 702 1233 στειχ).
740 1158 742 1179 “

298 1252 436 1319 Accedit
464 1252 551 1332 quod
580 1252 768 1334 praesentia
797 1251 1003 1335 reduplicata
1025 1252 1059 1318 in
1086 1251 1205 1334 plurali
1233 1250 1328 1317 duali
1351 1256 1409 1315 eta.

210 1358 357 1426 vocalem
387 1357 518 1439 longam
549 1355 713 1439 corripere
735 1356 859 1439 solent,
890 1358 977 1438 quod
998 1355 1032 1422 in
1061 1357 1123 1422 boc
1153 1357 1256 1423 verbo
1288 1354 1410 1421 factum

210 1481 274 1529 nou
306 1480 379 1529 0990
409 1465 513 1525 testes
543 1465 621 1524 sunt
646 1461 781 1544 κάχημεν
802 1458 938 1546 κιχήτην
960 1464 1089 1546 κιχῆναι
1120 1488 1141 1525 τι
1168 1461 1244 1525 379.
1279 1464 1314 1523 Κ
1339 1460 1410 1524 376.

210 1598 232 1633 n
255 1569 317 1634 357
347 1565 493 1654 (Curtius
516 1564 661 1631 Verbum
683 1564 718 1629 Ι2
745 1563 838 1651 176);
871 1583 1067 1646 quamquam
1095 1565 1181 1630 hanc
1211 1564 1409 1630 anomaliam

208 1672 351 1739 fortasse
373 1669 466 1738 verbi
490 1670 622 1756 διζημαι
647 1670 796 1752 exemplo
819 1671 905 1736 tueri
927 1670 1014 1736 licet.

296 1775 361 1841 Sed
391 1773 477 1856 quod
506 1773 735 1857 gravissimum
757 1773 864 1840 iudico
894 1775 956 1841 hoc
979 1778 1047 1840 est:
1082 1771 1270 1855 praesentis
1299 1773 1412 1858 κίχημι

210 1880 359 1962 exempla
390 1878 519 1945 omnino
549 1897 614 1945 non
645 1884 761 1944 extant
789 1883 824 1944 et
852 1883 1013 1960 quotquot
1041 1878 1137 1944 buius
1167 1876 1256 1958 quod
1292 1878 1412 1944 dicitur

208 1983 394 2067 praesentis
425 1983 555 2069 ’κιχημι
589 1982 711 2049 formas
741 1982 897 2049 erlrtbent
929 1982 992 2049 loci
1025 1981 1232 2049 aoristum
1269 1981 1409 2068 (ἐκίχνγν)

209 2094 268 2160 aut
290 2087 351 2155 sibi
373 2093 514 2170 poscunt
536 2093 595 2154 aut
615 2086 821 2174 recipiunt.³)

296 2200 329 2259 Κ
359 2195 423 2259 376
455 2211 502 2274 sq.
537 2192 674 2280 κιχήτην
701 2228 725 2243 w
754 2191 921 2278 ἁψάσθην.
958 2199 990 2257 Ζ
1019 2193 1088 2258 228
1118 2191 1201 2281 τιάρῃ
1230 2227 1256 2242 ν
1288 2196 1407 2278 κιχείω.

208 2327 231 2381 μ
265 2301 326 2365 122
357 2303 483 2387 κιχῇσιν
510 2297 556 2385 (2)
585 2335 608 2350 ω
636 2299 736 2389 ἕλῃσι.
776 2300 808 2363 Γ
833 2298 894 2364 291
926 2299 1046 2384 κιχείω.
1088 2303 1120 2363 Φ
1151 2300 1212 2364 128
1243 2303 1409 2383 κιχείομεν

160 2479 166 2489 ι
209 2402 264 2487 (cf.
295 2406 356 2470 133
385 2402 480 2489 sqq).
515 2409 546 2469 B
578 2405 639 2469 188
670 2403 774 2489 κιχειή
805 2401 860 2486 (cf.
890 2409 920 2469 B
951 2405 1023 2469 198.
1055 2405 1129 2470 391.
1165 2408 1197 2469 Δ
1225 2404 1301 2470 232.
1336 2406 1406 2471 249.

210 2515 240 2573 Ζ
262 2510 336 2574 330.
364 2512 393 2576 Θ
418 2511 467 2575 10.
498 2514 542 2574 Μ
564 2511 636 2575 268.
670 2515 704 2574 Ν
726 2510 800 2575 229.
836 2509 948 2577 0348
972 2507 1035 2594 sq.)
1057 2507 1181 2574 aoristo
1206 2527 1311 2590 opus
1337 2528 1406 2575 esse

208 2613 366 2695 arbitror,
401 2613 520 2679 ceteris
549 2613 629 2679 locis
659 2620 695 2680 A
725 2614 767 2678 26
802 2610 857 2697 (cf.
880 2611 1022 2694 Ebeling
1054 2611 1117 2677 lex.
1146 2611 1406 2699 1101191.μὴ

208 2735 283 2800 pag.
310 2719 392 2783 1087
417 2718 476 2783 col.
500 2717 560 2783 sin.
584 2717 651 2783 VII
675 2720 691 2783 1
717 2716 751 2803 a)
777 2723 798 2783 Ι
815 2719 889 2784 416.
913 2725 949 2784 Λ
972 2718 1046 2783 367.
1074 2717 1187 2783 0274
1211 2715 1267 2802 (cf.
1292 2724 1313 2783 Ι
1334 2720 1405 2784 245.

211 2824 243 2884 w
265 2821 338 2886 291.
368 2819 449 2906 495)
484 2849 505 2884 n
536 2820 598 2886 357
631 2818 685 2904 (cf.
711 2825 731 2886 δ
758 2820 838 2908 388)
868 2823 942 2888 379.
979 2822 1099 2904 ρ476.
1134 2847 1159 2885 ω
1190 2822 1255 2887 284
1285 2822 1404 2909 (κίχῃς)

208 2923 365 2990 aoristum
412 2922 603 3006 imperfecto
645 2925 699 2992 vel
746 2925 915 3008 praesenti
962 2924 1172 3007 aptiorem
1221 2932 1283 2992 aut
1329 2947 1403 2994 non
1465 2996 1468 3014 ,

207 3026 343 3093 minos
367 3031 519 3110 aptum.

295 3132 388 3198 Haec
418 3132 527 3199 omnia
560 3151 645 3214 quae
678 3132 829 3217 congessi
859 3140 896 3199 ut
925 3133 963 3198 L.
991 3133 1126 3217 Meyero
1160 3136 1275 3215 procul
1310 3138 1405 3205 dubio

207 3236 318 3318 iniqua
341 3243 434 3319 sunt,
465 3237 512 3304 ita
541 3236 656 3305 favere
686 3239 894 3305 coniecturae
922 3237 1182 3321 Bezzenbergeri
1209 3240 1405 3328 01110111)

208 3341 263 3425 qui
292 3347 359 3424 got.
380 3339 545 3425 qaqeiqou·
584 3340 774 3426 κερδῆσαιδ)
804 3347 1037 3422 compararunt
1065 3341 1099 3407 in
1128 3342 1302 3424 proecdosi
1333 3364 1403 3428 pro·

281 3551 298 3616 ¹)
317 3566 342 3607 v.
366 3549 431 3621 Heu.
456 3564 477 3604 a.
504 3552 652 3619 ἐκίγχιινεν
677 3551 826 3620 κιγχάνειν
851 3551 986 3620 κιγχάνω.
1023 3549 1113 3608 Solon.
1138 3550 1217 3620 frgm.
1244 3558 1277 3605 44
1305 3582 1337 3592 —
1364 3555 1404 3607 ‘ex

206 3635 323 3705 legibuu’
341 3635 434 3704 Bergk
454 3665 484 3673 -
505 3636 663 3706 κιγχάνιιν.

278 3720 419 3792 ²)z'1oa.
438 3726 466 3777 ιι
486 3727 544 3779 mo.
564 3741 578 3775 ο
600 3726 657 3776 lot.
683 3721 783 3777 colun.
803 3716 885 3791 lrgmj
899 3730 921 3791 1,
942 3730 981 3781 11.
1006 3724 1098 3781 Solon.
1121 3730 1161 3793 1a,
1180 3730 1222 3782 11.
1246 3725 1351 3784 simon,
1365 3734 1404 3784 oo.

207 3811 335 3881 Bacchyl.
354 3815 397 3878 29,
416 3814 432 3863 9
451 3816 503 3866 otc.

279 3902 299 3967 8)
317 3897 379 3966 Ego
397 3913 451 3952 non
468 3897 572 3964 primus
590 3896 661 3952 hanc
678 3911 735 3951 rem
753 3897 943 3954 animadverti.
981 3896 1021 3955 01.
1035 3913 1058 3955 e.
1072 3914 1113 3966 gr.
1126 3899 1259 3954 Thiersch
1280 3902 1327 3958 Gr.
1345 3902 1405 3956 Gr·

207 4004 234 4055 p.
252 3992 327 4054 994,
343 3991 374 4037 77
400 3983 499 4052 quide
518 3984 619 4053 passivi
636 3984 695 4052 (sic)
720 3984 824 4039 aoristo
846 3985 981 4054 loquitur:
1006 3986 1098 4042 Paech
1117 3985 1152 4041 de
1170 3987 1344 4044 coniunctivo
1363 3995 1404 4046 23.

208 4071 279 4140 Quill
298 4073 415 4126 senuerit
433 4071 558 4140 Krueger
576 4071 660 4130 Diall
679 4077 720 4140 99,
740 4077 764 4141 2,
783 4078 798 4125 3
818 4071 873 4130 ind.
893 4073 966 4131 verb.
986 4089 1007 4130 s.
1026 4091 1050 4126 v.
1070 4091 1125 4129 uon
1145 4083 1257 4142 exputo.

278 4160 299 4226 ⁴)
317 4159 372 4213 ΒΒ.
391 4159 418 4211 11
440 4165 496 4214 191.
519 4159 602 4217 GGA.
624 4166 699 4228 laer,
720 4166 794 4215 1140.
822 4167 899 4228 1911,
916 4167 965 4215 lav
986 4178 1027 4219 ex.
1053 4162 1151 4232 Smyth
1169 4163 1284 4231 Diphth.
1305 4171 1345 4218 ar
1361 4170 1403 4220 aa.

279 4249 300 4315 Β)
318 4247 403 4301 Marc.
418 4253 442 4314 6,
456 4253 489 4302 36
508 4248 641 4321 κερδῆσαι
661 4247 711 4304 τὸν
723 4249 834 4318 κόσμον
851 4243 918 4303 ὅλον
936 4249 1021 4317 ‘jabai
1040 4250 1186 4319 gageigaib
1206 4251 1282 4319 bana
1294 4249 1403 4306 tairbru

207 4335 320 4390 allana’.
357 4336 446 4390 Lucas
465 4340 494 4403 9,
513 4342 545 4390 ab
570 4337 707 4411 κερδήσας
732 4336 782 4390 τὸν
800 4337 910 4406 κόσμον
930 4331 995 4390 ὅλον
1012 4335 1190 4404 ‘gageigands
1210 4338 1246 4405 bo
1271 4338 1402 4393 manased

208 4422 283 4478 alla’.
323 4430 334 4475 1
355 4421 476 4478 Corinth.
496 4428 521 4491 9,
542 4428 572 4477 19
592 4427 641 4479 tvo
665 4423 731 4484 τοὺς
756 4426 889 4485 πλείονας
908 4425 1032 4499 κερδήσω
1052 4423 1086 4479 ‘ei
1110 4425 1291 4495 managizans
1310 4426 1402 4496 gagei-

207 4509 364 4582 gaidedjau’
383 4510 518 4578 (similitor
535 4528 577 4566 vv.
596 4517 629 4564 20
648 4513 724 4584 sqq).
