2956 5018
579 205 815 266 -471-

97 393 290 478 Ἱπποτάδην
316 392 454 457 coniecit
479 390 625 472 Siebelis,
648 390 762 456 Nauck
785 392 1031 473 commendarit,
1059 395 1184 474 recepit
1206 396 1295 461 deni·

98 518 163 579 que
185 498 304 563 Rzach.
1300 526 1302 529 v

188 600 334 686 ἀπήωροι
357 628 381 680 μ
402 601 467 664 435
491 600 532 662 ab
557 597 673 681 αμίρω
697 597 829 661 ductum
852 597 992 663 videtur.
1038 599 1101 681 Qui
1132 602 1296 687 παρήορος

98 710 263 785 quattuor,
287 703 446 789 μετήορος
469 702 595 767 duobus
614 701 703 782 locis
729 701 885 786 οννὴορος
907 720 971 766 uno
988 709 1139 786 correpta
1162 708 1295 786 paenul-

97 809 177 873 tima
201 806 356 872 extulerit
384 806 522 870 eundem
546 824 660 885 parum
684 804 836 869 credibile
860 810 912 870 est
934 808 1078 872 vocalem
1102 810 1295 889 produxisse

96 912 130 976 in
165 911 234 975 solo
265 909 425 995 α’πὴαρος.
472 909 540 973 Νοο
573 907 690 973 sufficit
719 908 878 973 tutandae
913 909 1117 990 productioni
1139 912 1295 994 Hesychii

97 1016 209 1098 glossa
231 1014 373 1098 ἐπιξαιρα·
397 1012 581 1097 κρεμάμενα
604 1014 761 1094 μετέωρα.
771 1013 796 1096 ¹)
843 1013 1072 1094 Cogitaveram
1095 1016 1293 1096 aliquamdiu

96 1119 364 1184 subscribendum
388 1137 460 1183 esse
484 1145 495 1181 t
518 1120 641 1181 mutum
664 1115 755 1200 (παι-
782 1115 990 1206 α’πῃωριῦνιο
1013 1119 1091 1184 Hes.
1113 1119 1202 1185 Scut.
1220 1122 1293 1185 225.

97 1221 222 1306 23413)
257 1220 453 1286 adiectivum
482 1240 546 1285 non
577 1221 618 1284 ab
650 1219 764 1304 dfa'pa
795 1222 854 1286 scd
891 1223 932 1285 ab
971 1222 1072 1305 αἰώρα
1113 1224 1293 1303 profectum

97 1325 259 1406 opinatus,
283 1325 409 1390 collatis
432 1325 511 1389 Hes.
537 1324 700 1410 εὐημονιά·
725 1327 891 1408 ἐμπειρίαι
923 1329 1026 1407 οἵμοιν
1049 1330 1141 1392 1349
1166 1328 1293 1413 (videas

95 1435 207 1494 tamen
238 1428 336 1493 etiam
370 1448 395 1493 s.
430 1427 585 1513 ἡμοούνη·
615 1466 655 1474 -
686 1429 861 1521 ἐμπειρία).
907 1428 973 1494 Sed
1006 1436 1082 1510 post
1115 1449 1246 1511 operam
1274 1453 1294 1497 a

96 1533 369 1614 Wackernageho
392 1533 426 1597 in
456 1533 517 1597 hac
539 1551 576 1598 re
599 1534 788 1597 collocatam
818 1535 902 1598 hanc
932 1535 1149 1599 coniecturam
1180 1535 1294 1602 fovere

96 1657 161 1702 non
184 1637 248 1702 iam
272 1637 392 1720 ausim;
424 1637 635 1719 praetulerim
657 1657 744 1702 nunc
767 1638 877 1702 Bothii
900 1637 1051 1724 α’πηόριοι
1082 1640 1168 1719 quod
1196 1638 1294 1703 etiam

95 1741 241 1807 Nauckio
264 1741 427 1822 placuisse
449 1741 554 1809 video.

184 1845 341 1928 Quicum
371 1845 533 1909 homerico
558 1843 676 1931 ἀζηχές
699 1845 855 1929 Hesychii
884 1847 1012 1928 glossas
1042 1845 1154 1931 ιίζιχές
1178 1844 1295 1931 ἁζιχής

95 1948 280 2029 contulerit,
311 1953 370 2013 aut
398 1948 549 2012 haerebit
578 1947 720 2013 fortasse
742 1949 776 2013 in
805 1949 913 2014 media
943 1949 1049 2014 vocali
1080 1950 1120 2013 ab
1151 1949 1294 2013 Homero

94 2058 249 2134 porrecta
264 2057 323 2117 aut
338 2052 480 2118 codicem
498 2052 643 2133 culpabit
660 2053 885 2135 lexicographi
900 2054 1029 2136 (Nauck
1052 2053 1127 2117 Mel.
1149 2071 1294 2134 gr.-rom.

95 2158 131 2221 Π
147 2158 235 2241 351).
271 2157 414 2239 Quorum
430 2162 580 2221 neutrum
595 2162 685 2221 recte
700 2157 772 2222 fieri
787 2163 825 2222 ut
839 2161 1009 2238 appareat,
1034 2157 1188 2223 adiectivi
1203 2155 1294 2237 origo

95 2260 284 2342 indaganda
301 2266 361 2324 est.
390 2260 567 2325 Verissime
580 2259 840 2341 interpretantur
852 2265 984 2326 veteres
996 2265 1147 2325 neutrum
1159 2259 1294 2326 vocibus

96 2363 348 2430 ἀκατάπαυστον
371 2364 577 2429 ἀδιάλειπτον
601 2370 749 2447 συνεχῶς,
773 2363 987 2429 masculinum
1011 2362 1178 2440 ἄπαυστος
1202 2390 1292 2428 συνε-

94 2468 201 2554 κάςιθ)
232 2469 317 2547 quod
348 2487 444 2548 quam
475 2469 717 2532 accommodate
746 2467 883 2549 singulis
905 2466 985 2532 locis
1015 2467 1074 2531 fiat
1096 2486 1160 2546 quo
1190 2466 1295 2548 magis

94 2573 270 2652 intellegas
304 2570 344 2635 cf.
376 2590 426 2636 ex.
458 2591 506 2654 gr.
532 2574 595 2636 ο3
631 2570 748 2656 ἀζηχὲς
784 2571 926 2655 φαγέμεν
961 2589 1033 2634 cunr
1068 2569 1201 2650 Antiph.
1232 2571 1293 2633 271

95 2676 130 2740 Π
168 2677 228 2740 123
268 2681 406 2758 συνεχῶς
444 2673 505 2759 γάρ
549 2674 812 2757 ἐμπιμπλάμενος
851 2676 904 2740 vel
945 2675 1116 2739 Menandr.
1157 2673 1196 2738 fr.
1232 2677 1296 2738 914

96 2779 150 2843 III
183 2781 245 2844 238
277 2778 370 2842 Kock
407 2778 499 2843 πότοι
528 2789 688 2861 συνεχεῖς,
721 2782 753 2842 Δ
781 2779 846 2841 435
878 2774 942 2853 dag
973 2775 1090 2862 ἀζηχὲς
1118 2792 1294 2859 μεμακυῖαι

95 2900 166 2946 cum
191 2880 255 2945 Cic.
280 2882 320 2945 de
344 2881 408 2946 div.
432 2881 450 2945 I
474 2884 515 2946 74
539 2882 655 2963 ‘gallos
685 2880 884 2963 gallinaceos
906 2880 939 2944 in
969 2899 1008 2945 eo
1036 2881 1107 2945 loco
1139 2881 1185 2945 sic
1210 2882 1293 2946 adsi-

96 2987 160 3050 due
184 3004 303 3050 canere
326 2985 520 3067 coepissent,
546 2993 584 3051 ut
605 2987 684 3051 nihil
707 2986 971 3051 intermitterent
996 2985 1030 3069 (i.
1047 3005 1075 3050 e.
1093 2985 1298 3050 ἀδιάλειπτον

96 3089 251 3173 συνεχές).
297 3089 471 3154 Notionem
501 3109 585 3169 quae
608 3090 694 3155 inest
724 3090 882 3156 vocabulo
917 3087 1051 3174 συνεχής
1081 3089 1109 3153 si
1139 3108 1211 3154 cum
1242 3108 1296 3153 nc·

94 3192 228 3274 gatione
262 3192 377 3257 efferre
411 3192 571 3273 volucris,
610 3202 700 3257 recte
735 3193 856 3258 dixeris
890 3190 1040 3277 ἀδιεχὴς
1078 3193 1157 3256 ‘sine
1194 3191 1292 3256 inter·

95 3295 257 3360 missione’
282 3293 450 3379 (Eustath.
475 3295 518 3359 ad
541 3301 574 3360 Δ
594 3296 718 3380 43514)
764 3298 863 3362 Cuius
887 3298 1042 3365 adiectivi
1070 3303 1105 3362 et
1134 3297 1294 3363 vetustior

94 3405 129 3464 et
151 3398 278 3480 plenior
300 3398 405 3463 forma
421 3404 494 3464 erat
510 3397 752 3483 ’ἀὸ“ια(ο)εχής.·
776 3397 1021 3485 *α’ζα(ο)εχὴς5)
1046 3419 1143 3480 quam
1159 3399 1294 3463 Graecis

168 3554 186 3619 ¹)
205 3556 301 3622 ιέωρος
319 3575 341 3623 μ
361 3560 394 3606 89
414 3561 444 3607 ut
463 3553 541 3608 nohis
560 3555 598 3609 sic
617 3554 672 3607 iam
691 3554 829 3607 veteribus
842 3554 934 3620 glossa
953 3562 1013 3607 erat
1026 3569 1123 3620 parum
1142 3553 1292 3607 intellecta.

95 3641 265 3695 Philemonis
289 3640 481 3707 interpretatio
507 3647 572 3707 (145
596 3641 622 3693 ll
647 3639 728 3694 5221<
769 3638 877 3694 Lobeck
896 3640 938 3692 El.
958 3639 985 3691 ll
1007 3645 1048 3705 16)
1072 3640 1212 3694 licentiam
1237 3641 1293 3693 τῶν

95 3729 330 3799 μλαισσογμάιςων
349 3728 455 3781 redolet
474 3728 517 3797 (cf.
537 3744 563 3796 p.
582 3734 641 3795 alo,
664 3729 694 3795 1).

166 3815 187 3882 ¹)
207 3815 249 3867 Dc
273 3813 330 3867 iota
356 3815 483 3882 suppleto
503 3814 536 3867 cl.
556 3831 597 3870 ex.
617 3829 657 3880 gr.
676 3818 778 3866 11202
803 3813 850 3865 ubi
874 3812 1030 3866 Zenodotus
1053 3813 1216 3881 μητιάασθε
1241 3827 1292 3878 pro

93 3901 125 3972 μ’
147 3903 287 3974 ᾐτιάασθε
311 3901 452 3967 scripsisse
477 3901 605 3956 traditur.
637 3923 653 3953 κ
672 3907 705 3953 84
725 3897 821 3959 δοιοὺς
842 3900 956 3968 ἐξήρατο
975 3899 1007 3970 (ῃ
1026 3898 1066 3966 D)
1088 3899 1214 3966 μισθούς
1238 3913 1291 3950 non

94 3997 152 4043 tam
172 3990 282 4062 ἐξήρειο
302 3988 350 4055 (sic
375 3988 453 4054 Cob.)
478 4004 560 4056 quam
588 3987 661 4056 quod
688 3987 740 4040 loci
758 3985 912 4040 sententiae
937 3986 1141 4040 convenientius
1166 3986 1291 4040 videatur

95 4077 205 4149 ἐξῄρειο
224 4074 424 4130 restituendum
442 4091 548 4132 censeo.
586 4080 704 4143 αἴρομαι
723 4075 851 4143 ιίροῦμαι
870 4075 980 4145 ἠρόμην
999 4072 1163 4126 ‘erwcrbcn’.

166 4165 186 4228 ⁸)
205 4161 312 4215 Merkel
331 4166 382 4229 Ap.
396 4161 484 4214 Rhod.
498 4161 619 4228 prolegg.
636 4167 691 4213 164.
717 4160 864 4227 Perperam
883 4157 931 4213 alii
943 4161 1066 4230 σκληρῶς
1084 4160 1200 4228 σκληραί,
1220 4174 1290 4226 quae

93 4249 341 4316 interpretamenta
364 4246 457 4315 (schol.
477 4247 523 4299 BT
543 4253 565 4301 0
585 4253 627 4303 25.
647 4252 707 4311 658)
733 4246 921 4301 adhaeserunt
944 4246 1025 4300 etiem
1045 4246 1142 4313 glossis
1161 4246 1289 4314 Hesychii

94 4337 195 4404 ιιζαχές
219 4342 246 4388 et
265 4336 361 4404 α’ζεχιίς
380 4349 496 4402 quarum
514 4333 583 4387 haec
603 4351 636 4387 ex
655 4335 704 4388 illa
723 4334 876 4402 supplenda
895 4342 945 4388 est.

165 4422 187 4487 ⁴)
206 4422 320 4491 διέσχον
339 4421 372 4474 de
391 4420 521 4488 temporis
540 4421 686 4474 intervallo
704 4422 805 4475 dictum
825 4421 911 4475 habet
929 4419 1077 4486 Sophocles
1096 4418 1153 4473 ΟΒ.
1175 4423 1231 4470 tlt.

166 4511 187 4573 ὁ)
206 4507 247 4562 cf.
266 4507 487 4577 *σκοπιό(σ)οχος
505 4527 538 4554 >
558 4510 742 4577 σκηπτοῦχος.
