2940 5026
695 173 932 240 -160-

217 383 289 434 cum
313 365 423 443 ἔνοσις
436 364 514 432 Hes.
532 364 655 448 uueog.
672 368 747 431 681.
771 368 835 446 849
859 364 973 447 Eurip.
995 364 1217 431 ’1161161321
1242 363 1417 450 cognato)

217 471 251 538 in
285 469 386 554 etymi
419 469 619 535 obscuritate
653 468 736 534 certi
768 468 848 536 nihil
882 468 1044 535 affirmare
1078 468 1192 558 ausim.
1245 468 1418 536 avinitiaie

217 575 351 642 metrice
384 575 579 656 productum
613 573 779 658 opinor;²)
814 592 912 641 voces
945 594 966 640 a
999 573 1109 639 radice
1142 580 1217 656 fob
1249 573 1418 641 derivatas

217 700 291 746 esse
313 680 390 745 mihi
413 680 613 762 persuadere
636 698 771 760 nequeo.
811 680 924 760 Neque
948 679 1033 744 enim
1055 679 1258 760 praepositio
1284 685 1419 760 aptast

218 785 352 868 negotia
373 785 508 851 facessit
531 784 702 853 derivatio.

305 907 389 973 Num
413 907 612 992 ἐννοσίγαιος
636 907 816 990 ἐνοσίχθων
836 904 922 970 idem
953 903 1138 994 significent
1167 903 1256 984 quod
1286 902 1417 991 κινητὴρ

217 1018 312 1098 γαίης
344 1012 376 1076 h.
407 1012 439 1076 h.
475 1011 561 1076 XXI
596 1012 615 1076 2
657 1011 752 1077 Pind.
792 1010 906 1076 Isthm.
943 1009 991 1074 IV
1025 1007 1108 1093 (ΠΙ)
1145 1010 1202 1090 19,
1242 1010 1417 1093 ἐλελίχθων

217 1117 316 1200 Pytb.
339 1115 388 1181 VI
410 1117 470 1197 50,
507 1117 684 1200 σεισίχθων
705 1116 819 1181 Isthm.
843 1114 861 1179 I
884 1115 936 1196 52,
968 1113 1124 1199 τινάκτωρ
1147 1113 1244 1198 γαίας
1268 1112 1416 1195 Sophotl.

218 1220 336 1286 Trach.
359 1220 434 1301 502,
464 1223 524 1305 γῆς
547 1245 582 1284 τε
604 1219 660 1284 καί
683 1218 827 1302 ἁλμυρᾶς
851 1216 1022 1303 θαλάσσης
1043 1216 1229 1304 μοχλεντὴς
1248 1215 1416 1298 Αήεῐαρλ.

217 1326 301 1390 Nub.
336 1325 418 1405 567,
460 1323 557 1389 hodie
595 1323 773 1389 dubitatur.
781 1323 806 1404 ³)
861 1322 935 1406 Ego
974 1322 1116 1388 arbitror
1158 1323 1200 1387 ab
1237 1321 1417 1387 Homero

217 1429 406 1510 Neptunum
440 1429 639 1512 ἐννοσίγαιον
673 1428 871 1511 ἐνοσίχθονα
899 1426 1060 1508 appellari
1089 1445 1153 1492 non
1183 1430 1221 1492 ut
1250 1431 1416 1492 auctorem

219 1541 282 1601 τῶν
306 1538 456 1615 σεισμῶν,
484 1533 543 1600 sed
566 1539 603 1599 ut
625 1534 720 1598 deum
752 1532 808 1613 qui
828 1532 1015 1616 ingentibus
1039 1532 1134 1598 motis
1164 1530 1417 1614 tempestatibus

217 1639 316 1705 litora
352 1637 485 1704 immani
525 1638 681 1704 fluctuum
722 1636 846 1718 impetu
889 1635 999 1702 tundit
1039 1641 1074 1703 et
1115 1640 1291 1705 ventorum
1328 1635 1417 1702 rabie

217 1743 446 1810 bacchantium
467 1761 558 1809 mare
580 1747 767 1822 terramque
790 1744 963 1807 concutere
987 1741 1162 1826 videtur.⁴)

306 1866 505 1951 ἐννοσίγαιος
528 1880 569 1930 ex
585 1864 771 1947 7σ’νοσίγοιος
801 1860 1015 1944 productione
1038 1861 1174 1927 metrica
1196 1858 1322 1927 factum
1347 1881 1416 1928 esse

218 1968 387 2051 probabile
424 1974 476 2035 est
514 1972 650 2050 propter
684 1968 872 2050 ἐνοσίχθων.
929 1965 1065 2032 Pindari
1098 1964 1285 2044 Ἐννσσίδας
1318 1966 1415 2051 Pybh.

218 2073 266 2140 IV
289 2076 331 2139 33
362 2071 601 2156 rgeminatum
625 2091 666 2138 ex
695 2071 858 2137 homerico
886 2073 1085 2157 ἐννοσίγαιος
1114 2073 1303 2153 assumpsit.
1350 2072 1416 2138 Nisi

218 2177 304 2244 forte
331 2178 594 2261 hypocoristicos
617 2182 669 2244 est
696 2195 909 2243 consonamm
933 2175 990 2241 illa
1012 2177 1234 2259 geminatione
1257 2177 1293 2243 in
1316 2178 1413 2261 hypo·

217 2281 376 2348 coristicis
389 2280 664 2364 'frequentissima
685 2281 813 2364 insigne
837 2299 933 2362 quarn
957 2280 1172 2362 suspicionem
1196 2281 1285 2347 tueri
1308 2282 1416 2349 licebit

217 2389 337 2455 collato
369 2390 552 2479 Πολλσξίιλῃ
582 2387 618 2474 (=
641 2389 841 2478 Πολοξενίδῃ
870 2386 991 2452 Bechel
1018 2387 1144 2453 Inschr.
1163 2389 1233 2473 jon.
1256 2387 1345 2454 Dial.
1368 2407 1414 2454 nr.

190 2490 198 2498 ‘
220 2496 270 2575 19,
294 2494 358 2558 286
382 2490 437 2557 ubi
459 2510 491 2559 u.
515 2489 650 2556 editoris
673 2490 809 2576 uotam).

303 2613 354 2679 De
378 2613 502 2698 εἰρεσία
525 2640 549 2676 κε
565 2613 606 2677 78
631 2621 648 2676 λ
671 2613 780 2694 64ομ
804 2613 867 2678 225
891 2631 911 2677 a
933 2611 1045 2678 radice
1069 2614 1138 2697 ἔσο·
1154 2610 1255 2697 (nom.
1274 2614 1415 2703 ἕρέτ-ης)

269 2916 270 2919 ¹
291 2876 312 2940 ¹)
331 2873 366 2928 de
393 2872 532 2928 montibus
558 2874 744 2943 συνδένδρσις
768 2890 789 2930 s.
814 2873 1018 2949 αολυιλένδροις
1045 2872 1146 2927 dicitur
1171 2874 1250 2929 uelut
1279 2875 1314 2930 de
1342 2875 1416 2931 Pelio

218 2962 327 3027 ὑλήεντι
346 2960 468 3030 (Hesiod.
486 2960 566 3029 frgm.
586 2966 662 3028 1112
687 2961 767 3029 Rz.);
791 2959 825 3017 ct.
844 2962 909 3016 Hes.
930 2961 1004 3019 Scut.
1023 2966 1074 3015 298
1098 2964 1249 3034 σειόμενος
1273 2967 1415 3035 φύλλοισι,

218 3047 324 3102 Gallim.
342 3048 370 3105 h.
389 3048 427 3102 lv
446 3053 478 3102 sl
498 3064 537 3118 sq.
554 3055 654 3119 χαίτην
671 3055 825 3120 σειομένην
842 3049 998 3108 Ἑλικῶνος.
1034 3049 1216 3117 Interpretari
1241 3052 1332 3117 possis
1357 3066 1415 3104 cum

218 3132 303 3189 Suide
321 3137 394 3189 ἔνθα
412 3135 560 3190 κινοῦνται
578 3135 611 3189 τὰ
633 3139 723 3207 φύλλα
741 3137 844 3192 collato
867 3141 1037 3211 βλαψίφρων
1058 3137 1103 3203 (==
1121 3139 1316 3211 φρενοβλαβιίς
1334 3138 1417 3205 pass)

217 3220 347 3291 Aeschyli
364 3221 440 3288 Sept.
461 3227 519 3276 106.
556 3222 727 3292 Quamquam
753 3226 840 3294 magia
862 3224 967 3292 placet,
985 3224 1014 3277 in
1032 3232 1117 3292 poeta
1134 3224 1309 3292 praesertim,
1329 3226 1417 3280 activo

217 3322 299 3363 sensu
317 3307 442 3376 accipere
460 3314 661 3382 ιιινιισίφνλλσν
679 3311 887 3381 (Apoll.-Soph.
903 3317 945 3379 64,
964 3315 993 3378 9)
1013 3310 1112 3365 collato
1131 3310 1263 3369 Simonid.
1283 3311 1366 3381 irgm.
1384 3318 1414 3364 41

218 3398 416 3466 ἐννοσίφυλλος
443 3398 515 3463 οἰήια
540 3396 596 3450 τότ’
622 3395 686 3472 ὦρτ’
711 3401 837 3469 ιίνίμων.
874 3400 952 3467 Ipsos
977 3406 1084 3454 montes
1111 3401 1202 3470 φύλλα
1227 3406 1319 3455 σείειν
1343 3408 1417 3456 recte

217 3482 271 3538 dici
289 3484 368 3538 multi
387 3491 531 3552 poetarum
549 3484 601 3539 loci
620 3483 733 3542 ducent·
757 3485 840 3540 Velut
858 3486 1010 3554 ‘puniceam
1029 3487 1166 3541 concussit
1178 3502 1248 3554 sper
1268 3490 1297 3541 in
1318 3489 1417 3544 vertice

199 3571 337 3628 'cristam'
357 3572 439 3639 (Ciris
458 3576 536 3641 501),
561 3574 647 3627 ‘aces
672 3573 831 3640 splendidas
849 3574 979 3642 quatiunt
1001 3575 1102 3628 comas’
1121 3573 1233 3642 (catull.
1252 3591 1276 3632 c.
1296 3581 1345 3642 61,
1368 3576 1417 3642 w),

217 3659 396 3726 ‘quatientem
415 3659 545 3714 bracchia
562 3660 700 3729 quercum'
719 3661 794 3727 (ibid.
814 3677 835 3714 ο,
849 3667 891 3728 64,
913 3666 961 3714 106
974 3662 1032 3728 sq).
1058 3659 1178 3728 ‘Optima
1197 3660 1339 3730 silvarum,
1364 3678 1418 3715 nou

217 3744 293 3801 laete
322 3745 459 3800 comantis
491 3745 609 3802 iactabis
642 3749 732 3803 mollis
765 3764 857 3802 ramos
890 3746 1052 3802 inflantibus
1085 3748 1168 3801 auris’
1202 3747 1288 3802 Dirae
1317 3754 1351 3802 28
1379 3765 1417 3817 sq.

218 3831 359 3888 ‘Lauinam
378 3832 502 3888 donnern
521 3831 617 3902 dumpf
640 3853 674 3889 uu
698 3834 782 3904 thal,
812 3852 890 3890 menn
908 3835 952 3888 ihr
979 3834 1034 3903 (die
1058 3834 1347 3906 Gletschergiganten)
1375 3836 1417 3890 die

217 3921 344 3988 Heupmr
362 3920 502 3976 sebbttelt’
521 3920 554 3979 Ε,
574 3939 596 3975 v.
616 3921 775 3989 Wolzogen.

289 4009 309 4076 ²)
328 4009 437 4076 Herzog
456 4008 704 4076 Uetersuchungen
723 4010 792 4065 uber
809 4008 853 4064 die
872 4007 1159 4077 bilulungageeehichte
1177 4019 1228 4068 etc.
1254 4016 1314 4068 1119.

289 4101 309 4160 ⁸)
328 4095 431 4150 Goebel
454 4097 483 4150 Z.
510 4096 530 4154 f.
555 4102 579 4151 6.
599 4095 630 4154 G.
652 4102 733 4164 1616,
759 4102 809 4150 216
829 4114 868 4167 sq.
897 4098 943 4166 qui
969 4099 1095 4166 epitheta
1121 4100 1244 4167 Neptuni
1269 4116 1416 4169 perperam

218 4181 347 4249 explieat.
374 4212 402 4220 -
428 4183 517 4251 Quem
542 4192 618 4239 arcte
645 4188 738 4245 ἔνοσις
763 4186 910 4241 τινάσσειν
936 4190 1065 4251 ἐλελίζειν
1089 4187 1215 4242 interae
1240 4188 1417 4257 cohaereant,

217 4269 307 4324 discas
326 4285 360 4327 e..
367 4285 408 4336 gr.
427 4285 462 4325 er
481 4272 603 4326 carmine
621 4271 790 4340 ennagonus
809 4274 864 4328 AP.
884 4274 924 4327 lx
944 4279 1003 4330 666.

289 4358 311 4426 ⁴)
328 4355 370 4415 Cf.
390 4377 403 4412 ε
423 4364 472 4411 sal
493 4376 548 4428 sqq.
571 4388 600 4398 -
621 4358 685 4433 Hes.
705 4360 808 4428 Theog.
828 4368 879 4414 458
900 4360 955 4415 ὑπὸ
976 4366 1095 4437 βροντῆς
1120 4368 1297 4434 πελεμίζεται
1323 4370 1418 4439 εὐρεῖα

213 4448 303 4517 χθών.
342 4448 480 4516 Aristoph.
501 4451 548 4500 Au.
573 4452 636 4500 1152
652 4451 749 4518 χθόνα
767 4456 838 4502 σείει
857 4460 904 4515 (σο.
923 4448 1053 4516 Juppiter
1071 4454 1220 4523 βρονταῖς).
