2940 5026
690 198 918 281 fua-

213 390 329 456 literae
352 388 495 455 aeolicae
518 388 552 455 vi
575 387 735 469 producta
750 392 952 469 compareat;
976 385 1063 452 unde
1085 404 1128 451 ne
1143 385 1284 451 Nauckii
1308 384 1407 450 aleton

132 532 134 536 ι
213 494 343 576 quidem
365 494 398 559 in
422 494 564 559 Homero
587 491 667 557 ferri
689 509 786 572 posse
809 490 961 556 continuo
985 489 1142 570 seqnitur.

301 599 394 682 Quae
416 615 487 662 cum
510 597 558 662 ita
585 596 667 677 sint,
691 594 720 660 si
742 593 867 659 Ritschl
892 594 937 679 (v.
962 593 1044 660 Fick
1066 593 1147 660 Ilias
1169 592 1326 658 XXXIII
1350 596 1407 681 sq.)

213 704 396 769 Kleemann
420 700 602 787 (Vocabula
624 699 788 766 homerica
811 704 872 765 etc.
898 718 1007 783 progr.
1031 698 1134 782 Lycei
1157 697 1298 764 Colman.
1318 701 1407 780 1816,

214 808 270 892 36)
302 807 385 873 Fick
415 806 498 891 (ΒΒ.
530 805 595 869 VII
629 807 690 869 139
719 802 806 895 sqq.)
841 802 896 884 qui
929 801 1286 884 ‘antiquissimam
1321 822 1407 869 car·

214 911 362 978 minum
408 908 717 976 homericarum
761 906 934 972 formam
980 906 1184 972 Aeolicae
1229 906 1409 974 dialecti

214 1033 316 1098 prae
362 1033 404 1079 se
441 1013 600 1079 tulisse
638 1015 840 1097 spamam,
888 1016 961 1082 sed
1006 1019 1160 1096 postea
1204 1012 1330 1095 quasi
1373 1013 1409 1078 in

214 1119 401 1186 Ionicam
446 1118 634 1202 linguam
683 1139 850 1188 versam
897 1127 955 1201 et,
1008 1119 1231 1188 vocabulis
1279 1119 1409 1202 pluri·

214 1225 375 1304 misque
413 1222 606 1307 antiquis
648 1223 814 1307 formis,
857 1226 1105 1307 plerumque
1143 1224 1274 1290 etiam
1318 1241 1409 1289 con·

215 1329 331 1395 sonis
366 1327 575 1409 servatis,
613 1328 763 1394 Jonum
799 1331 973 1397 vocales
1013 1328 1271 1412 superfusas
1309 1328 1410 1394 esse'

215 1432 424 1518 (Kleemanni
447 1431 805 1517 verbalpconiecerunt,
828 1452 943 1501 uerum
959 1433 1102 1512 assecuti
1124 1438 1210 1514 sunt,
1235 1433 1278 1498 de
1293 1433 1359 1498 hac
1379 1451 1412 1497 re

214 1537 262 1605 sic
283 1536 511 1603 statuendum:
579 1613 583 1621 Ι

300 1642 339 1707 In
363 1641 503 1707 dialecto
519 1641 644 1707 aeolica
665 1641 750 1708 illius
767 1642 842 1709 aevi
864 1643 951 1709 undo
974 1642 1152 1709 carminum
1175 1642 1412 1709 homericarum

214 1746 305 1829 origo
339 1745 501 1827 repetitur
528 1767 551 1826 f
583 1744 721 1826 simplex
749 1745 836 1810 inter
870 1745 1002 1812 vocales
1032 1745 1174 1828 positum
1204 1745 1354 1811 nondum
1382 1745 1412 1811 in

215 1881 232 1915 α
262 1850 433 1917 transiisse
456 1869 562 1930 neque
592 1851 738 1916 vocalem
769 1851 1018 1916 antecedentem
1048 1851 1229 1933 producere
1258 1850 1411 1930 valuisse,

215 1956 273 2022 sed
296 1974 380 2036 quae
410 1955 615 2038 grammatici
645 1955 769 2020 aeolica
793 1973 866 2021 esse
895 1956 1033 2021 tradunt
1061 1953 1147 2040 χαΐα
1178 1952 1280 2039 iperio
1311 1960 1412 2041 φαῦις

215 2059 332 2127 similia
370 2058 440 2124 sine
477 2057 574 2124 dubio
613 2076 654 2122 en
690 2058 796 2139 poetis
830 2058 962 2125 aeolicis
1000 2058 1190 2140 desumpta,
1229 2057 1411 2124 recentiore

215 2166 344 2231 demum
375 2167 485 2228 aetate
516 2168 596 2227 nata
623 2180 737 2227 essee
767 2160 879 2227 formis
902 2162 1043 2228 vetustis
1072 2163 1157 2246 pisa
1180 2163 1281 2246 ἐρέμα
1313 2161 1413 2247 φάμας

214 2269 291 2335 inde
328 2268 369 2332 ab
403 2265 538 2331 Homeri
575 2266 705 2331 saeculo
743 2265 776 2331 in
814 2284 963 2332 sermone
1001 2266 1090 2349 volgi
1127 2265 1327 2333 adservatis.
1383 2266 1412 2331 Si

157 2381 159 2384 ’
215 2378 324 2444 autem
359 2373 400 2437 de
423 2372 485 2437 hac
514 2390 551 2437 re
581 2371 628 2436 sic
655 2371 757 2437 statui
780 2372 893 2452 nequit
921 2411 960 2418 -
989 2372 1018 2437 si
1040 2378 1121 2454 puta
1150 2372 1284 2454 probari
1314 2380 1412 2454 queat

214 2478 335 2546 iamin
358 2475 499 2559 genuina
522 2476 656 2541 Homeri
686 2476 826 2542 dialecto
848 2498 870 2559 J
898 2477 1064 2543 vocalibus
1087 2476 1250 2557 utrimque
1279 2477 1410 2544 clrcum·

215 2585 328 2654 datum
367 2581 545 2647 extinctum
583 2579 699 2661 fuisse,
746 2582 832 2661 quod
869 2601 945 2648 num
984 2600 1102 2650 revera
1139 2581 1273 2664 probari
1311 2581 1412 2664 possit

215 2704 374 2767 quaerere
409 2682 589 2749 differo-
621 2683 743 2748 corruit
777 2701 887 2749 eorum
922 2684 963 2750 de
993 2683 1136 2750 Homero
1171 2685 1305 2752 Aeolico
1342 2706 1410 2753 con·

215 2791 350 2855 iectura.
1217 2852 1220 2858 ,
1370 2771 1375 2783 ’

302 2893 500 2975 Disputandi
522 2893 618 2958 finem
648 2891 766 2959 faciam
789 2894 822 2959 in
846 2895 982 2960 Aeolum
1012 2896 1230 2963 recentiorum
1254 2916 1332 2979 usu,
1362 2897 1412 2978 qui

189 2999 248 3064 ·in
271 2998 322 3064 tls
344 3001 442 3064 rebus
458 2997 590 3064 mirifice
614 3017 685 3064 cum
708 2998 851 3065 Homero
867 3001 1103 3082 conspirantes,
1128 3007 1283 3068 accurate
1301 3002 1410 3068 dintin-

215 3110 320 3184 guunt
351 3102 420 3187 o(v)
453 3101 516 3187 ι(υ)
548 3102 614 3189 ο(υ)
645 3121 686 3168 ex
719 3124 761 3185 uf
793 3125 829 3186 ef
858 3125 896 3186 of
923 3103 1013 3170 facta
1050 3110 1084 3172 et
1115 3135 1155 3170 uo
1191 3134 1225 3171 ευ
1261 3133 1299 3171 ου
1330 3125 1411 3188 quae

216 3208 290 3273 olIm
323 3235 341 3271 o
374 3225 516 3273 consona
546 3209 587 3272 ab
617 3206 810 3288 insequente
833 3207 939 3274 vocali
969 3206 1132 3290 dirempta
1160 3215 1256 3275 erant
1289 3211 1344 3278 vel
1375 3229 1411 3277 ex

216 3334 232 3385 ι
254 3311 418 3394 geminato
441 3316 522 3376 nata
545 3316 630 3392 sunt,
655 3310 746 3376 cuius
768 3310 817 3376 rei
838 3309 920 3376 haec
942 3310 1044 3377 habes
1066 3312 1202 3380 Indicia:

216 3415 294 3481 Call.
320 3436 367 3496 nr.
394 3417 457 3480 ‘214
481 3413 545 3498 (tit.
570 3414 648 3480 anni
670 3415 748 3498 324)
773 3435 803 3480 v.
828 3417 871 3482 30
894 3413 1107 3504 duoprimas,
1133 3440 1163 3486 v.
1188 3422 1231 3485 43
1257 3417 1366 3507 o'a'yqr
1394 3449 1414 3475 =

216 3519 374 3633 gftt'yqst)
400 3556 434 3564 -
464 3538 528 3583 non
560 3517 781 3600 ὀμονοὺεντες,
815 3517 941 3604 οιῖείγην
968 3518 1094 3604 (Altae.
1122 3524 1223 3603 15,5
1255 3524 1411 3610 notatam

220 3695 428 3705 ———-———

288 3781 307 3848 ¹)
327 3788 390 3835 sert.
410 3780 448 3849 αἱ]
467 3777 671 3845 Wackernagel
697 3777 751 3831 ΒΒ.
771 3777 809 3830 IV
833 3782 883 3831 303
903 3794 974 3847 sqq.;
999 3785 1052 3835 vet.
1077 3797 1172 3838 saxon.
1193 3786 1282 3838 aaron
1301 3785 1414 3840 Bachtel

216 3867 252 3923 ad
270 3868 320 3923 loc.
345 3899 371 3909 -
395 3867 514 3936 Agnovit
532 3867 649 3922 formam
670 3870 766 3936 oesypa
785 3866 894 3922 Abrens
913 3865 1024 3920 Diall.I
1045 3871 1093 3920 111
1112 3877 1168 3922 not.
1190 3877 1205 3922 8
1225 3868 1415 3938 adstipulante

216 3955 365 4022 Bachteli0‚
390 3955 433 4009 cui
452 3954 605 4009 sententiae
624 3951 717 4008 lavent
736 3953 909 4008 Herodianus
927 3952 1002 4020 apud
1021 3952 1115 4021 Steph.
1136 3955 1200 4023 Bya.
1222 3973 1247 4011 v.
1269 3962 1364 4031 Καρία
1382 3958 1414 4011 de

217 4044 327 4115 Κάειρα
345 4045 449 4115 Κιὲῑρα
469 4049 561 4111 Kalpe
580 4041 715 4096 disserena
740 4039 774 4104 (u.
793 4039 885 4094 Altae.
905 4038 938 4092 fr.
961 4045 1009 4093 115
1028 4039 1094 4104 B.⁴):
1121 4043 1179 4094 ἔστι
1199 4041 1254 4116 γὰρ
1275 4038 1322 4099 ὅτε
1340 4043 1412 4115 μετὰ

217 4128 265 4195 τὴν
286 4130 426 4201 διαίρεσιν
451 4128 562 4188 {arudes
588 4128 712 4198 pluerat,
736 4129 853 4197 ὀίομαι,
879 4129 962 4196 ὄιγον
985 4127 1014 4194 (i.
1038 4140 1062 4179 e.
1087 4129 1186 4195 ὄειγον
1204 4152 1237 4172 =
1260 4131 1360 4201 οἶγον,
1386 4141 1415 4187 ut

217 4221 290 4271 recte
317 4217 516 4283 interpretatur
544 4215 682 4284 Meineke)
711 4223 739 4271 et
769 4214 918 4269 versiculus
946 4213 1066 4269 aeolicus
1097 4216 1208 4276 πάντας
1237 4220 1327 4288 otyor
1353 4221 1414 4289 (scr.

217 4306 331 4375 οέίγων)
351 4306 495 4373 θαλάμοις
514 4301 627 4358 Meister
646 4303 729 4358 Diall.
750 4303 761 4354 l
781 4307 814 4354 96
839 4316 900 4355 cum
924 4308 980 4359 not.
1000 4306 1023 4354 a.
1060 4300 1148 4355 Huius
1166 4302 1242 4359 verbi
1261 4303 1344 4363 flexio
1362 4307 1415 4376 pri·

217 4391 305 4447 maria
323 4390 392 4446 haec
410 4397 484 4447 erat:
504 4392 598 4460 dalye,
617 4389 691 4458 quod
709 4405 769 4445 cum
785 4387 880 4442 Ficlio
899 4403 948 4458 pro
966 4386 1097 4442 librorum
1117 4390 1231 4460 ἄνῳγεν
1251 4395 1347 4461 5168,
1365 4408 1415 4462 pro

217 4481 407 4552 dvuolyscxcv
425 4482 452 4533 Ω
471 4484 521 4532 455
547 4475 732 4533 reducendum
757 4485 812 4544 eat,
842 4478 961 4549 ὀίγνυμι
988 4480 1092 4548 maeror
1119 4478 1202 4539 ὤιιξα
1232 4477 1307 4550 (libri
1336 4481 1414 4551 ὤιξα)
