2956 5040
546 229 784 296 -201-

381 425 423 479 τίς
443 449 475 459 -
495 422 577 490 ἔτεμε
597 416 650 473 τόν
669 419 863 494 δακρυόεσσαν
882 423 948 492 Ἰλίῳ

379 507 501 571 utalaam
520 510 606 562 ἔνθεν
625 507 766 578 ὀλόμενον

378 595 490 664 σκάφος
509 595 693 669 συναρμόσας

220 701 222 705 ·
379 684 394 736 ὀ
414 682 581 755 Πριαμίδας
601 685 716 737 έπλευσε
735 681 869 754 βαρβάρῳ
889 683 989 753 uidam

60 750 188 816 Phoen.
216 753 299 819 1029

62 907 173 974 Orest.
201 911 284 975 1363
307 928 376 991 sqq.

361 1013 511 1083 δακρύοισι
530 1013 586 1089 γὰρ
604 1014 712 1069 Ἑλλάδ’
731 1008 847 1070 ἅπασαν
866 1017 978 1082 ἔπλησε,

362 1098 409 1153 διὰ
430 1099 480 1156 τὸν
498 1103 637 1172 ὀλόμενον
657 1104 796 1173 ὀλόμενον
815 1102 943 1171 Ἰδαῖονλ)

359 1189 469 1262 Πάριν,
490 1187 520 1249 ὃς
539 1191 624 1260 ἄγαγ’
641 1190 748 1245 Ἑλλάδ’
768 1197 807 1252 εἰς
822 1194 914 1247 Ἴλιον.
965 1192 967 1195 ’

61 1295 243 1378 Epitheton
257 1293 408 1377 ὀλόμενος
420 1296 622 1378 aptissimum
634 1296 748 1363 Paridi
759 1315 855 1378 quem
868 1297 956 1378 apud
964 1295 1143 1362 Luciannm
1152 1297 1262 1362 Mene-

60 1398 217 1466 11111811αό
235 1398 528 1486 πόντωνἜλλήνων
551 1428 585 1466 τε
605 1401 660 1466 καλ
681 1400 856 1486 βαρβάρων
876 1398 965 1478 ἄξιον
989 1399 1151 1485 ἄγχεσθαι
1174 1399 1261 1466 dicit.

61 1505 161 1570 Herc.
186 1499 248 1570 fur.
275 1506 359 1570 1060
390 1502 492 1569 όόνον
522 1503 643 1571 ὀοονον
673 1504 825 1588 ὀλόμενον
855 1505 910 1571 nbi
937 1526 968 1575 v.
996 1504 1262 1590 Wilamowitz.⁸)

150 1607 316 1691 Ὀλόμενος
337 1609 536 1692 tragicorum
552 1629 594 1676 ex
618 1608 822 1697 odadpww)
845 1609 1013 1694 praesenti
1036 1611 1121 1692 quod
1145 1609 1263 1676 dicitur

60 1712 155 1779 nasci
185 1712 332 1795 potuisse
355 1712 466 1780 Curtio
498 1713 610 1799 (Verb.
638 1716 671 1782 1²
694 1716 772 1800 251)
803 1716 966 1799 βούλομαι
997 1721 1031 1782 et
1058 1714 1198 1799 βόλομοι
1221 1753 1261 1762 -

61 1836 200 1900 quorum
224 1816 364 1883 alterurn
388 1836 428 1883 ex
451 1817 556 1884 altero
580 1824 687 1885 ortum
710 1839 783 1886 esse
800 1820 869 1886 sine
893 1820 959 1885 nllo
977 1823 1171 1903 argumento
1193 1817 1261 1883 ido-

60 1942 125 1989 neo
149 1920 269 1988 asserit
292 1959 332 2004 ·.·
357 1923 559 2004 comparanti
581 1942 676 1989 nemo
700 1925 821 1990 credet.
853 1924 967 2005 Neque
990 1919 1116 1990 arridet
1130 1921 1263 1988 Oehleri

60 2025 319 2113 (dissertationis
334 2026 490 2094 laudatae
509 2048 540 2111 p.
558 2028 614 2115 11)
638 2029 788 2112 suspicio,
813 2027 868 2109 qni
883 2027 1074 2109 Euripidem
1098 2025 1262 2108 epicorum

62 2130 239 2214 οόλόμενος
260 2134 294 2201 in
319 2133 470 2218 ὀλόμενος
492 2135 623 2217 proprio
647 2136 756 2201 Marte
782 2139 928 2200 mutasse
957 2132 1078 2198 fretam
1109 2130 1263 2215 analogia

59 2237 241 2304 formarum
264 2238 378 2320 quales
401 2243 479 2304 sunt
500 2243 621 2322 μοῦνος
645 2239 726 2324 (ep.)
748 2237 847 2320 μόνος
870 2237 961 2323 (att.)
984 2240 1061 2304 cett.
1086 2233 1212 2302 statuit.

153 2342 341 2431 οόλόμεν’(ε)
365 2344 532 2419 elisionem
554 2342 680 2428 patitur
703 2344 734 2415 Ξ
757 2346 799 2409 84
824 2371 841 2427 ρ
864 2345 939 2408 484.

151 2448 339 2516 Transitum
369 2449 558 2532 paravimus
582 2449 625 2515 ad
654 2447 776 2515 formas
799 2448 961 2517 tribreves
992 2466 1074 2528 quas
1097 2445 1261 2512 Homerus

60 2552 175 2619 versui
205 2558 300 2635 aptat
330 2554 442 2620 eadem
474 2553 602 2620 ratione
632 2558 731 2635 atque
761 2551 911 2638 γενόμεθ’
940 2550 1094 2638 θυγατέρ’
1119 2549 1259 2632 ὀλόμενε

60 2655 168 2738 prima
198 2657 368 2738 producta.
413 2658 497 2724 Nam
528 2663 566 2725 ut
595 2677 755 2739 nusquam
777 2659 933 2742 leguntur
956 2653 1081 2740 ὀλόμεν’
1111 2652 1260 2742 γενόμεθ’

60 2761 116 2828 vel
140 2761 323 2843 exemplum
353 2762 467 2828 horum
498 2761 618 2844 simile,
650 2762 697 2828 sic
726 2761 850 2828 frustm
880 2760 1095 2843 circumspexi
1123 2760 1261 2827 formam

60 2885 148 2949 quae
175 2885 247 2933 curn
276 2869 384 2934 0116οι
406 2867 461 2934 illc
485 2888 505 2935 a
528 2869 704 2935 Kuehnero
728 2866 775 2953 (1²
797 2887 828 2950 p.
853 2868 915 2933 661
941 2864 960 2953 ξ
984 2868 1058 2948 286,
1082 2867 1102 2931 2
1126 2865 1200 2931 adn.
1228 2865 1261 2949 1)

60 2990 236 3054 perperam
260 2973 484 3039 commendato
507 2973 579 3040 iure
602 2971 784 3055 comparari
808 2976 916 3053 queat.

149 3076 244 3143 Nunc
274 3077 362 3158 apud
393 3096 504 3143 omnes
534 3096 635 3159 penes
665 3096 745 3159 qnos
767 3076 801 3142 in
827 3075 879 3142 his
906 3077 1004 3143 rebus
1026 3074 1180 3142 iudicium
1210 3078 1263 3140 est

60 3185 216 3248 mustene
237 3200 431 3263 persuasum
453 3181 591 3267 habeo⁵)
615 3201 664 3265 gn.
690 3180 791 3265 ὄνομα
821 3179 942 3264 οόνομο
967 3181 1090 3255 nullam
1113 3179 1261 3247 amisisse

60 3303 239 3351 consonam
272 3304 378 3367 neque
411 3285 445 3351 in
479 3285 553 3368 ipsa
585 3285 694 3352 fronte
728 3305 834 3368 neque
867 3290 944 3369 post
980 3284 1127 3352 vocalem
1164 3301 1261 3362 quam

492 841 634 910 ὀλομέναν
653 840 676 894 τ’
696 840 843 913 Ἐρινύν)Ι

134 3496 155 3558 ¹)
174 3492 215 3549 Cf.
235 3496 374 3564 οδλομένη
396 3496 476 3562 :aare
498 3499 578 3549 Tea
615 3491 754 3566 στυγερὰς
774 3495 883 3566 Ἐρινῦς
902 3501 918 3562 β
941 3497 998 3545 135.

133 3582 155 3649 ¹)
174 3581 236 3637 Non
254 3582 290 3636 ab
309 3597 339 3636 re
357 3581 410 3636 erit
428 3595 602 3650 comparasse
621 3580 741 3634 eiusdem
760 3578 872 3633 fabulae
890 3594 933 3633 vv.
953 3583 1017 3632 1381
1029 3592 1086 3645 sqq.
1107 3578 1261 3632 δυσελέναν

60 3670 222 3725 δυσελέναν.
765 3732 768 3740 1

133 3762 155 3827 ³)
173 3757 283 3813 Dubiae
307 3755 372 3812 fidei
397 3766 439 3813 est
466 3761 608 3829 ὀλομέναν
629 3757 810 3827 (οὐλομέναν)
838 3765 961 3827 γυναῖκα
983 3754 1079 3822 Eurip.
1098 3751 1171 3807 Med.
1194 3756 1260 3806 12111

60 3850 98 3913 (κ
132 3852 256 3901 κυανέαν
287 3846 410 3900 λιποῦσα
442 3848 527 3911 llos).
554 3876 589 3886 -
613 3846 715 3900 Parum
746 3859 789 3899 me
819 3844 982 3910 intellegere
1013 3841 1104 3896 fateor
1133 3838 1259 3909 Aeschyl.

61 3931 186 3999 Ghoeph
207 3937 256 3985 1⁴⁰
275 3947 314 4000 sq·
447 4004 505 4057 λεεε
525 4002 615 4076 δάκρυ
634 4003 755 4070 καναχὲς
774 4002 913 4069 ὀλόμενον

447 4086 575 4160 ὀλομένῳ
596 4088 728 4158 δεσπότᾳ.

133 4180 155 4244 ⁴)
173 4176 262 4231 Fickii
281 4176 446 4246 *dlfdperoc
465 4176 583 4243 probare
605 4189 725 4242 neqne03
750 4173 871 4228 radicem
898 4173 954 4228 sive
972 4175 1085 4241 stirpem
1105 4173 1189 4230 fuisse
1206 4191 1261 4229 non

62 4269 122 4329 ολυ,
140 4261 192 4319 sed
210 4266 255 4317 ολε
273 4261 341 4316 mihi
360 4267 402 4316 est
419 4276 469 4328 pro
487 4266 570 4315 certo.
599 4263 678 4322 ὀλοός
697 4261 803 4331 (σλογός
815 4260 894 4327 nien)
913 4259 1058 4328 ambiguae
1071 4261 1262 4329 explicationis

6 4419 10 4422 ‚
60 4360 104 4408 est
122 4365 210 4420 neque
227 4364 359 4418 praesens
378 4352 479 4420 όλλομι
497 4348 623 4405 sufficere
642 4348 762 4404 arbitror
779 4347 852 4402 unde
871 4349 1024 4404 necessario
1044 4353 1092 4404 ολο
1110 4348 1213 4404 elicias.

134 4440 154 4507 ⁶)
173 4437 316 4493 Windiseh
342 4436 563 4494 1111111411.
599 4436 663 4492 Joh.
682 4434 806 4490 Schmidt
824 4435 918 4491 XXIII
937 4441 985 4489 201
1006 4451 1045 4505 sq.
1083 4435 1114 4494 G.
1134 4435 1230 4506 Meyer
1249 4442 1260 4474 ¹

60 4525 128 4598 §tl
148 4542 176 4594 p.
194 4529 236 4579 04.
