2956 5040
709 220 946 284 —194-

227 407 319 492 Quae
353 425 426 472 oum
466 406 514 472 ita
550 425 623 474 sese
665 409 825 491 habeant,
864 409 992 480 etiamsi
1028 412 1062 477 in
1102 412 1296 480 universum
1331 413 1424 480 Curtii

226 512 408 595 opinionem
440 510 619 592 amplexati
649 529 812 593 essemus,
843 513 905 579 hoo
929 534 992 581 uno
1023 517 1094 583 loeo
1124 517 1196 583 fieri
1226 538 1295 584 non
1325 520 1423 602 potuit

224 618 301 698 quin
325 617 492 684 veteribus
515 615 738 699 grammaticis
771 617 1022 686 adsentaremur
1046 620 1222 708 οὐλομένης
1246 613 1335 690 idem
1358 643 1424 691 esse

223 725 310 804 quod
344 722 499 808 ὀλομένοις
532 751 554 776 =
588 720 790 806 ἀπολομένης
825 720 947 806 (Apoll.
983 723 1108 807 Soph.;'
1134 725 1155 791 i.
1180 746 1220 791 ο.
1258 728 1422 811 ‘perditae

222 827 365 895 adversa
388 826 521 892 fortuna
544 825 638 907 quasi
655 826 893 911 oppressae’)¹)
917 829 1154 896 statuentibus:
1181 829 1322 918 ὀλομένη
1346 833 1422 899 enim

221 931 311 997 haud
333 931 480 1012 ineptum
503 931 672 1012 epitheton
696 930 782 996 illius
798 931 943 998 mulieris
966 938 1018 998 est
1033 933 1124 999 ouius
1149 933 1270 1021 ἀρετήν
1288 934 1371 1014 εἶδός
1393 964 1422 1003 τε

223 1038 322 1119 δέμας
346 1062 381 1101 τε
405 1033 529 1102 ὤλεσαν
554 1033 716 1101 ὀθόνατοι
739 1034 776 1122 (ο
800 1038 861 1104 251
886 1039 960 1124 Sip).

309 1140 400 1223 Ergo
439 1158 536 1220 quam
575 1138 707 1205 Curtius
744 1160 833 1209 nova
870 1142 1000 1224 prolata
1038 1143 1257 1224 explicatione
1302 1164 1420 1211 summo

222 1264 320 1327 opere
351 1243 478 1312 evitare
508 1243 634 1309 studuit
664 1245 834 1325 productio
860 1269 877 1313 ο
908 1246 1032 1315 vocalis
1055 1247 1088 1312 in
1120 1248 1244 1314 aoristo
1276 1249 1420 1329 quamtis

221 1350 314 1416 furoa
336 1349 475 1431 expulsa
497 1348 605 1414 rediit.
652 1349 727 1415 Una
749 1349 850 1433 igitur
872 1352 945 1419 laus
968 1372 1033 1434 qua
1062 1353 1166 1419 Curtii
1194 1355 1305 1437 opinio
1333 1374 1418 1437 prae·

221 1461 311 1521 stare
352 1453 528 1521 videbatur
574 1449 835 1535 quandoquidem
870 1458 1022 1545 evanuit,
1060 1458 1140 1524 nihil
1175 1459 1284 1542 egisse
1320 1460 1418 1527 vuum

220 1560 351 1627 doctum
367 1558 546 1640 oontend0;
570 1576 647 1623 nam
663 1560 852 1641 ceteroquin
875 1563 1036 1628 rationem
1052 1564 1093 1628 ab
1110 1581 1148 1627 eo
1164 1562 1281 1629 initam
1297 1563 1418 1647 magnis

218 1664 370 1733 laborare
394 1664 641 1731 difficultatibus
664 1665 851 1734 facillimum
876 1673 928 1735 est
950 1668 993 1732 ad
1017 1667 1321 1733 demonstrandum.
1352 1667 1418 1733 Dis·

219 1771 319 1852 plioet
349 1770 433 1836 enim
464 1769 581 1837 mirum
612 1778 770 1851 quantum
801 1792 905 1856 genus
940 1772 1129 1839 medium
1163 1772 1418 1838 transitiva

218 1874 351 1940 notione
373 1874 579 1956 instructum,
603 1874 637 1939 in
653 1875 714 1941 hoo
737 1877 933 1958 praesertim
948 1877 1049 1944 verbo
1073 1874 1332 1957 frequentissimi
1347 1894 1418 1940 osus

218 1979 309 2046 ouius
332 1979 474 2045 medium
498 1977 666 2065 (ὄλλυμαι)
690 1998 820 2063 semper
843 1987 893 2047 est
916 1977 1177 2061 intransitivum
1201 1977 1242 2045 of.
1266 1979 1417 2062 Aeschyl.

127 2122 151 2144 ο
219 2083 360 2166 Choeph.
378 2084 492 2150 377Κ.
518 2081 635 2169 ἀνδρὸς
658 2087 847 2168 θεινομένου
870 2085 1019 2172 γυναικός
1043 2085 1070 2150 τ’
1096 2083 1271 2167 ὀλλυμένας
1301 2082 1418 2169 (media

217 2208 243 2254 s,
260 2179 394 2272 passiva
416 2186 500 2276 notl)
525 2190 566 2255 de
589 2190 703 2256 eadem
725 2191 967 2274 Clytaemestra
990 2189 1118 2254 debitas
1138 2188 1273 2254 tandem
1298 2208 1418 2270 poenas

216 2294 347 2360 luente
372 2313 457 2376 quae
502 2293 667 2361 vocitatur
708 2297 749 2361 ab
795 2296 938 2361 Homero
984 2292 1141 2380 οὐλομένη
1187 2292 1317 2378 (activa
1355 2300 1416 2359 not.

218 2406 352 2470 auctore
377 2399 519 2485 Curtio)!

304 2504 423 2571 Graeci
445 2504 508 2586 ipsi
538 2508 667 2569 tantum
699 2505 815 2569 aberat
843 2510 880 2569 ut
912 2502 1082 2586 οὗλόμενος
1109 2501 1297 2583 praesentis
1330 2502 1417 2566 —si

216 2609 379 2675 notionem
403 2612 590 2689 spectes-
608 2607 708 2675 activi
731 2608 971 2695 participium2)
996 2627 1069 2673 esse
1086 2612 1251 2690 putarent,
1276 2614 1315 2672 ut
1337 2608 1417 2672 hano

209 2702 352 2779 'formam
382 2731 424 2778 ne
451 2712 491 2777 iis
523 2713 651 2792 quidem
674 2712 754 2777 locis
778 2713 933 2778 adhibere
956 2718 1151 2781 vererentur
1174 2711 1229 2777 ubi
1253 2712 1416 2777 sententia

215 2823 330 2898 aperte
347 2817 459 2882 aoristi
476 2817 573 2882 medii
590 2816 795 2898 participium
819 2817 965 2898 requirit.
998 2818 1072 2885 Huo
1092 2816 1230 2898 primum
1252 2817 1416 2898 pertinent

215 2923 317 2989 verba
341 2923 381 2986 ab
398 2921 570 3002 Apollonio
594 2920 692 3001 Soph.
708 2923 779 3003 124,
801 2925 840 2987 13
857 2922 1038 2987 ex'ineerto
1062 2921 1153 3003 epioo
1170 2920 1287 2986 allata:
1316 2919 1414 2987 ίοὐλο-

213 3026 321 3112 μένης’
338 3032 395 3114 τῆς
416 3025 616 3111 ἀπολομένης
639 3025 828 3110 (respicitur
843 3026 934 3091 locus
958 3027 999 3091 tle
1015 3025 1207 3110 Penelopa)·
1232 3027 1290 3090 καί
1314 3026 1413 3092 ιοόλο-

213 3133 317 3213 μένων
333 3132 457 3197 νεκόων’
472 3131 508 3197 τὸ
526 3128 607 3196 αότό
624 3133 721 3196 ἐστιν.
747 3130 829 3194 Nam
846 3137 987 3211 apparet
1004 3129 1182 3212 οὐλομένων
1198 3129 1318 3195 νεκύων
1332 3131 1414 3195 idem

213 3253 286 3299 esse
317 3234 402 3315 quod
442 3235 567 3300 νέκυσιν
598 3232 762 3316 ὀλομένοις
799 3233 914 3314 Eurip.
943 3234 1016 3298 Hel.
1047 3237 1108 3299 178
1140 3235 1230 3299 νέκυν
1263 3233 1414 3317 ὀλόμενον
1445 3294 1450 3301 .

212 3339 336 3404 Phoen.
356 3339 483 3424 1295.³)
506 3340 610 3403 Porro
629 3336 804 3421 οὐλομένων
819 3338 920 3403 habes
937 3338 1050 3403 eodem
1066 3337 1236 3403 intellectu
1252 3357 1317 3419 quo
1334 3339 1413 3405 alias

214 3444 242 3508 ολ
270 3442 424 3522 ὀλωλότος
447 3443 493 3529 (οἱ
516 3444 701 3525 βλέποντες,
733 3442 761 3507 οἱ
787 3440 815 3506 δ’
840 3439 995 3518 ὀλωλότος
1017 3442 1131 3525 Eurip.
1155 3441 1250 3524 frgm.
1277 3445 1352 3526 833,
1379 3444 1412 3526 3)

284 3635 302 3701 Ι)
321 3635 381 3688 Ηοο
400 3633 512 3687 notione
531 3635 645 3702 ω’λόμην
664 3634 822 3703 οἰνωλόμην
835 3630 932 3685 aoristi
950 3631 1177 3698 frequentantur:
1197 3632 1297 3695 Aeseh.
1318 3633 1409 3701 Suppi.

207 3726 271 3775 315.
303 3720 385 3788 Soph.
405 3720 448 3773 ΕΙ.
469 3725 527 3772 ott.
560 3718 655 3787 Eurip.
673 3719 738 3773 Heo.
758 3723 816 3772 683.
848 3717 942 3787 Suppl.
966 3723 1039 3775 tots.
1067 3719 1129 3773 Hel.
1158 3724 1214 3772 133.
1240 3719 1333 3775 Orest
1354 3726 1410 3774 200.

210 3807 453 3873 lph.Taur.152.
485 3806 544 3873 Iph.
564 3806 626 3859 Aul.
648 3810 723 3858 1140.
754 3805 828 3873 Cyol.
853 3811 904 3859 669
932 3806 1333 3877 (Aristoph.Pae.1011sq.).
1370 3807 1409 3862 Cf.

209 3899 354 3964 praeterea
372 3893 557 3962 perfectorum
578 3896 668 3948 ὄλωλο
687 3893 735 3949 lat.
753 3895 821 3962 perii
837 3909 916 3947 usum
935 3894 1061 3948 similem.

280 3986 302 4049 ²)
323 3981 363 4036 Of.
384 3981 506 4037 dativum
526 3980 700 4034 adiunctum:
722 3981 875 4049 ουλόμενοι
895 3983 991 4048 νήεσσι
1011 3983 1175 4055 Κυτμηρλτλες
1193 3983 1248 4036 ΑΡ.
1262 3983 1303 4037 lx
1316 3988 1376 4052 289,
1397 3988 1407 4035 l

208 4070 285 4124 cuius
304 4084 397 4124 uersus
416 4078 514 4124 auctor
532 4068 566 4123 de
585 4069 673 4123 actim
691 4068 837 4138 participio
855 4076 929 4123 certe
949 4084 1003 4124 non
1023 4070 1159 4138 cogitavit.
1187 4070 1305 4125 Vertere
1324 4071 1408 4141 possis

207 4157 283 4211 vario
303 4155 394 4211 modo:
414 4153 613 4223 ‘verderblioh‘,
633 4155 786 4213 ίνοτλιοοοέ.

280 4245 300 4315 ⁸)
317 4245 432 4298 Locutio
450 4243 516 4298 inde
535 4245 570 4298 ab
589 4244 710 4298 Homero
729 4245 837 4313 (νέκυες
861 4245 1097 4311 κατατεθνηῶτος)
1120 4244 1195 4313 apud
1219 4252 1316 4313 poetas
1335 4243 1408 4300 haud

207 4345 284 4399 ουτος
303 4330 337 4384 oi.
357 4329 656 4385 Schneidewin-Nauck
675 4331 703 4383 in
722 4327 804 4396 Soph.
818 4333 911 4399 Antig.
931 4336 973 4385 16.
1000 4331 1118 4406 νεκροὺς
1137 4334 1282 4392 θανόντας
1301 4334 1407 4407 νεκρῶν

206 4419 350 4473 ὀλωλότων
383 4421 493 4474 νεκύων
526 4425 680 4490 φθιμένων
710 4417 738 4471 in
770 4433 825 4471 una
858 4425 956 4485 quater
986 4418 1107 4474 invenies
1138 4418 1280 4486 Euripidis
1311 4417 1406 4474 fabula

218 4504 311 4574 Suppl.
334 4510 391 4559 lot.
412 4511 471 4563 aaa.
491 4511 549 4558 aaa.
569 4504 639 4573 οοο).
