2956 5040
544 220 781 287 -253-

61 415 333 496 obloquerentur,
368 412 459 481 velut
489 412 654 478 Boldtium
685 410 817 497 (Genet.
848 429 896 494 sg.
930 411 990 477 der
1020 411 1261 478 o·Deolination

60 518 114 585 bei
128 518 253 583 Homer
274 535 444 600 progymn.
463 515 833 584 l'auberbisohofsheim.
850 534 959 598 progr.
979 515 1077 601 1881)
1094 521 1129 582 61
1142 535 1261 598 nuper-

61 623 143 688 rime
177 622 216 686 A.
248 619 473 688 Ludwichium
509 618 712 704 (Aristarchs
746 619 868 684 homer.
900 618 1087 684 Textkritik
1117 620 1152 684 Η
1182 621 1262 706 300)

62 725 117 806 qui
140 743 211 789 curn
237 723 362 804 aliquot
384 722 527 790 virorum
558 722 727 789 doctorum
750 722 918 804 opiniones
941 722 1036 789 iustis
1060 723 1263 806 argumentis

62 848 177 912 parurn
208 827 373 893 stabilitas
397 864 437 872 —
462 827 554 894 velut
588 826 629 891 de
657 826 758 892 nimia
791 827 924 893 licentia
954 847 1019 908 qua
1049 827 1265 894 Alexandrini

62 933 97 999 in
120 932 256 998 Homeri
279 930 475 997 carminibus
505 930 670 997 mutandis
701 931 845 1014 grassati
868 950 942 997 esse
965 952 985 997 a
1008 931 1171 997 nonnullis
1195 950 1262 997 cre·

63 1038 187 1104 duntur
221 1074 261 1082 -
296 1036 367 1101 iure
401 1054 461 1102 suo
495 1035 650 1118 reiceret,
685 1035 718 1100 in
750 1034 822 1100 aliis
856 1035 1034 1101 formarum
1068 1036 1263 1102 traditarum

64 1142 347 1224 qualiumcumque
394 1140 575 1223 patrocinio
621 1148 774 1222 suscepto
821 1159 942 1206 causae
982 1141 1145 1207 inferioris
1190 1159 1263 1206 sese

65 1247 219 1329 praebuit
241 1245 446 1311 defensorem
468 1243 741 1310 helehcissimum:
776 1244 810 1310 id
840 1245 927 1325 quod
950 1244 1082 1311 uberius
1112 1245 1265 1326 persequi

65 1369 127 1416 nec
157 1355 257 1419 vacat
279 1355 313 1414 61
335 1348 457 1413 taedet.
502 1348 658 1413 Interea
682 1367 766 1429 quae
797 1347 930 1430 collegit
951 1348 1027 1414 inde
1051 1368 1071 1413 a
1101 1368 1176 1432 pag.
1201 1351 1264 1415 288

66 1462 105 1520 61
125 1453 298 1537 genetivos
320 1453 392 1518 illos
417 1453 590 1517 abnormea
612 1456 778 1533 tueretur,
809 1469 851 1515 ne
874 1470 973 1517 unum
1004 1451 1134 1532 quidem
1158 1470 1265 1517 exem·

66 1559 154 1641 plum
185 1576 263 1625 vere
294 1555 398 1622 simile
428 1574 501 1621 esse
532 1560 567 1620 et
602 1554 753 1620 idoneum
789 1555 832 1619 ad
862 1573 934 1620 eam
965 1573 1032 1620 rem
1063 1556 1265 1637 probandam

67 1681 163 1744 quam
199 1663 339 1742 probare
374 1660 564 1727 Ludwiohio
598 1659 632 1725 in
667 1660 773 1725 animo
808 1664 881 1725 erat
907 1660 1087 1725 concedent
1117 1660 1172 1740 qui
1201 1680 1265 1726 uon

66 1766 208 1833 traditos
231 1765 341 1848 apices
365 1763 592 1847 superstitiose
616 1764 722 1829 colere
750 1769 849 1845 atque
872 1762 986 1831 fovere
1008 1764 1067 1830 sed
1090 1764 1266 1831 formarum

68 1889 186 1938 causas
224 1878 259 1935 et
296 1869 438 1953 origines
481 1886 679 1951 cognoscere
716 1868 920 1952 grammatici
958 1868 1093 1935 officium
1136 1877 1264 1952 putant.

67 1975 251 2044 Ludwichii
285 1975 435 2056 exempla
468 1974 588 2040 nullius
622 1993 700 2041 usus
734 1993 807 2040 esse
841 1974 869 2040 si
903 1974 1040 2057 singulis
1074 1975 1267 2057 percensitis

69 2081 244 2148 ostendere
267 2080 399 2163 vellem,
430 2079 534 2146 multa
556 2079 730 2145 scriberem
755 2080 930 2161 oportebat
952 2085 987 2144 et
1008 2081 1037 2145 si
1064 2080 1267 2163 scripsissem

69 2185 149 2253 nihil
172 2184 262 2251 aliud
291 2204 388 2265 quam
412 2189 489 2249 acta
518 2183 657 2266 egissem
689 2182 848 2264 simulque
879 2202 1011 2266 operam
1036 2183 1267 2267 perdidissem;

69 2297 197 2373 partem
220 2295 255 2355 et
281 2309 351 2356 eam
381 2289 510 2370 quidem
541 2307 626 2369 quae
656 2287 775 2376 ceteris
805 2286 910 2369 magis
932 2286 1123 2354 Ludwichio
1154 2286 1268 2354 favere

69 2396 201 2464 videtur
222 2394 256 2460 in
279 2394 341 2459 hac
364 2393 596 2461 dissertatione
619 2392 687 2457 suis
709 2391 789 2457 locis
811 2390 964 2460 tractavi.
975 2392 1000 2476 ¹)
1049 2378 1053 2386 ¹

156 2500 188 2565 h.
212 2500 243 2564 h.
267 2499 397 2565 Murcus
419 2501 485 2565 460
508 2497 578 2583 (ubi
600 2496 694 2563 codd.
718 2497 879 2582 xpavdc'ov,
903 2497 1059 2582 κράνειον,
1083 2496 1268 2582 κρανάϊνον)

69 2605 164 2688 Ilgen
186 2603 356 2686 rescripsit
379 2623 397 2669 e
420 2603 591 2671 verissima
614 2602 803 2669 coniectura
825 2604 997 2687 κρανέινον.
1043 2602 1093 2666 De
1116 2618 1270 2666 mensura

70 2709 110 2774 cf.
138 2711 170 2772 Ψ
196 2710 260 2774 806
284 2706 418 2775 ἐνδίνων
440 2727 524 2789 quae
548 2727 613 2775 vox
636 2709 678 2773 ab
701 2709 791 2773 ἔνδον
814 2707 985 2773 descendit
1013 2708 1198 2782 61ἔν11ινος
1228 2705 1269 2769 ab

71 2814 150 2878 ἔνθα
196 2812 447 2897 (Dittenberger
486 2811 559 2895 syll.
606 2830 654 2877 nr.
695 2813 775 2894 262,
818 2812 875 2897 31)
920 2811 1068 2890 diducam
1110 2808 1270 2876 Matronis

71 2918 159 3001 apud
190 2917 352 2983 Athenae.
386 2917 481 2983 1360
512 2915 578 3002 (ed.
602 2917 821 3003 Β66661119).
865 2917 996 2984 06111611
1022 2916 1096 2982 MU.
1121 2915 1168 2981 iv
1198 2917 1269 2981 196.

70 3025 133 3088 357
161 3031 229 3088 not.

154 3126 294 3213 Ἄμφῐος
318 3133 348 3192 Β
371 3129 435 3193 830
466 3130 495 3190 E
522 3127 585 3191 612
617 3126 708 3191 cuius
738 3126 771 3192 in
801 3128 864 3192 hac
901 3146 938 3191 re
968 3125 1163 3191 mentionem
1194 3122 1272 3188 fecit

71 3233 181 3298 Rasoh
212 3232 304 3317 (diss,
328 3231 415 3296 laud.
441 3250 472 3311 p.
496 3231 553 3316 20)
584 3236 636 3297 est
666 3249 784 3297 nomen
815 3231 1021 3296 decurtatum
1055 3227 1272 3309 expleniore

72 3337 166 3407 Velut
187 3334 372 3423 Ἀμφίαλος
403 3337 523 3400 3114.
557 3338 618 3400 128
641 3334 844 3422 Ἀμφιάρηος
867 3335 984 3415 sinim„
1016 3331 1102 3398 unde
1126 3331 1274 3412 sequitur

74 3455 148 3510 iex
173 3471 184 3507 ι
208 3470 218 3507 ι
242 3447 354 3508 natum
379 3458 469 3523 esse;
504 3459 610 3521 neque
641 3442 708 3507 scio
732 3460 775 3506 an
798 3458 862 3505 non
886 3437 977 3504 casui
1005 3437 1165 3502 debeatur
1187 3433 1273 3515 quod

72 3555 108 3615 et
130 3555 161 3614 Β
177 3550 241 3614 830
264 3552 299 3613 61
321 3547 426 3611 holt
451 3573 461 3610 ι
485 3545 592 3611 thesin
616 3550 757 3628 occupat
779 3550 879 3626 atque
894 3543 1037 3609 Homero
1060 3540 1105 3606 sit
1119 3537 1273 3625 Ἀμφήος

72 3649 360 3736 concedendum.²)

73 3814 281 3826 ...au—ae—-nm

146 3892 164 3958 ¹)
183 3888 225 3942 De
256 3887 371 3946 Mooc:
402 3885 497 3944 ἔνδῖος
530 3883 610 3938 multi
640 3897 784 3952 perperam
814 3880 979 3935 iudicarunt.
1016 3879 1118 3932 Verum
1148 3875 1275 3932 viderunt

73 3974 220 4044 Legerlota
250 3973 307 4028 KZ.
336 3971 390 4026 Vll
421 3975 472 4023 299
502 3976 531 4024 61
561 3969 684 4039 Sohaper
712 3971 792 4037 ‘quae
822 3982 925 4037 genera
956 3967 1167 4034 compositorum
1200 3964 1274 4032 apud

75 4065 224 4119 Homerum
244 4057 439 4128 distinguenda
457 4058 521 4112 sint'
542 4058 661 4114 Cocalin.
679 4073 772 4126 progr.
796 4060 860 4110 1816
879 4070 906 4121 p.
926 4061 956 4121 4,
980 4053 1026 4122 qui
1052 4052 1153 4112 ἔννΐιος
1171 4051 1275 4106 6611616

74 4155 205 4223 ἐννύχιος
223 4152 282 4205 iuro
301 4167 335 4205 ex
355 4148 487 4216 ’ἐνδιμος
507 4145 652 4203 duxeruut.
678 4140 1053 4199 1661661666161661161661
1073 4146 1166 4197 .1116
1186 4141 1275 4196 diod.

29 4230 32 4235 ’
74 4239 192 4309 Hesych.
218 4239 293 4298 ldsoc
322 4233 439 4291 ἐνδΐοιο
466 4234 535 4303 (cod.
563 4234 677 4300 610660·
706 4233 852 4302 καύματος
879 4231 1075 4303 μεσημβρινοῦ
1104 4229 1184 4297 (vera.
1212 4228 1274 4282 hex.

74 4326 198 4394 frustul„
227 4324 299 4395 quod
324 4322 496 4379 Callimacho
523 4321 687 4390 ascribunt):
708 4327 772 4375 ποτὶ
800 4319 928 4375 triadica
951 4318 1092 4387 ἑψιόωντο
1122 4316 1230 4374 Gallim.
1248 4315 1277 4374 h.

76 4417 138 4473 Cer.
158 4420 191 4469 88
210 4439 244 4459 ==
264 4415 433 4483 παννύχιοςε
452 4412 608 4481 πάννυχος.

150 4506 172 4573 ¹)
192 4512 264 4564 Χῖος
283 4518 316 4557 ex
335 4509 419 4561 Χίιος
438 4500 511 4570 quod
530 4500 652 4553 restituit
676 4497 856 4553 casaubonus
879 4493 1068 4551 addicentibus
1093 4491 1230 4547 Brnnohio
1249 4499 1277 4545 61
