2986 5010
570 145 714 254 -ma
761 227 801 234 -

82 381 275 463 praesertim
300 388 334 446 et
355 381 492 446 Pindari
515 417 554 425 -—
579 378 763 444 testimonio
787 378 1031 444 ‹leuominativa
1054 399 1138 458 quae
1162 399 1181 444 a
1204 381 1278 446 stir-

82 486 175 567 pibus
198 484 232 550 in
256 514 273 549 v
296 485 487 551 cadentibus
511 484 659 565 profecta
682 489 759 548 sunt
780 482 813 547 in
838 479 900 547 -ὑω
924 482 997 565 (fut.
1021 482 1054 548 iu
1077 481 1179 562 -ΰσω,
1212 505 1279 550 aor.

82 590 114 654 in
143 599 238 653 *ooo
270 590 346 673 etc.)
381 588 518 653 desiisse
548 587 629 653 dixi:
666 605 760 666 quem
795 575 1028 666 pronuntiandi
1060 606 1152 652 usum
1187 588 1278 651 ‹lese-

82 700 220 758 ruerunt
242 693 343 757 Attici
367 731 407 738 —
432 692 621 772 quibuscum
652 691 792 755 fortasse
816 710 893 770 pars
916 692 1033 756 louurn
1062 691 1280 756 recentiorum

81 796 114 861 in
138 796 258 862 haere
281 798 417 861 eandem
448 796 535 863 viam
563 801 739 861 tenuerunt
769 795 884 878 (supra
916 814 946 875 p.
971 795 1050 879 339)
1075 795 1238 876 —longa
1263 824 1279 859 v

82 900 188 967 vocali
211 919 252 965 ex
275 901 392 986 ceteris
415 901 615 982 temporibus
638 901 671 965 in
699 918 855 981 praesens
885 901 1046 965 traducta.
1093 900 1157 965 Sed
1181 899 1280 980 prisci

81 1005 179 1069 moris
209 1005 301 1069 uobis
332 1004 431 1069 etiam
463 1023 548 1069 ritmo
582 1003 676 1068 testis
707 1008 758 1067 est
791 1002 1063 1082 locupletissimus
1096 1004 1278 1086 Aeschylus

82 1109 137 1188 qui
166 1114 293 1174 ceteros
324 1126 435 1172 omues
466 1112 576 1171 aetate
607 1107 805 1171 antecedens
835 1113 869 1171 et
898 1107 1103 1187 antiquitatis
1134 1108 1279 1173 tenacior

81 1212 145 1277 illis
184 1213 237 1278 vel
275 1214 334 1276 sub
373 1211 461 1277 vitae
500 1211 622 1275 exitum
661 1207 788 1293 δακρύω
826 1212 982 1294 (Choeph.
1019 1213 1075 1298 74)
1115 1211 1279 1292 corripere

82 1315 236 1381 sustinuit
273 1321 388 1380 contra
425 1334 517 1380 usum
560 1314 717 1379 sermonis
756 1320 834 1379 tunc
872 1315 1027 1397 temporis
1066 1315 1277 1394 obtinentem,

82 1438 204 1483 memor
233 1418 475 1484 consuetudinis
504 1418 657 1498 loquendi
681 1437 776 1498 quam
805 1438 876 1483 cum
901 1439 940 1483 ex
972 1438 1028 1483 ore
1051 1419 1166 1484 matris
1196 1438 1279 1500 puer

81 1522 214 1587 auribus
248 1522 427 1587 imbibisset
460 1542 502 1587 ne
540 1523 671 1587 adultus
710 1522 837 1601 quidem
878 1527 912 1585 et
948 1521 982 1586 iu
1018 1540 1169 1586 scaenam
1204 1542 1277 1602 pro-

81 1645 215 1708 gressus
248 1627 358 1692 statim
397 1627 562 1692 abiecerat
599 1626 777 1711 (iniquitas
809 1628 901 1691 Pers.
932 1626 1021 1709 tls).
1032 1627 1056 1709 ¹)
1107 1626 1201 1709 Quod
1235 1627 1277 1691 ad

82 1730 230 1795 Orestias
267 1731 372 1795 locum
411 1731 554 1810 adtinet,
597 1730 663 1795 noli
701 1737 811 1795 tamen
849 1730 909 1793 hoc
946 1728 1108 1809 oblivisci,
1147 1736 1277 1810 poetam

80 1837 252 1916 loquentes
282 1838 391 1902 facere
421 1848 573 1920 γυναῖκας
598 1835 700 1916 ἅσπερ
730 1836 874 1916 μάλιστα
907 1832 964 1918 τὴν
993 1833 1137 1917 ἀρχαίαν
1168 1831 1278 1918 φωνὴν

82 1941 196 2027 σῴζειν
223 1948 297 2020 post
319 1941 491 2006 Platonem
522 1941 625 2023 (Crat.
649 1939 792 2017 stunc)
824 1937 921 2001 etiam
945 1937 1056 2002 Cicero
1088 1937 1278 2002 observavit

80 2044 136 2127 (de
168 2064 213 2107 or.
238 2044 290 2108 ΙΙΙ
312 2047 386 2127 thy
420 2044 578 2124 ‘equidem
602 2062 698 2123 quum
722 2041 818 2105 antidio
847 2059 974 2104 socrum
1002 2058 1106 2104 uream
1130 2039 1275 2103 Laelium

83 2184 123 2192 -
162 2146 289 2212 facilius
324 2147 407 2211 enim
446 2147 597 2212 mulieres
631 2145 850 2224 incorruptam
886 2141 1113 2222 antiquitatem
1148 2162 1275 2207 conser-

81 2257 179 2331 vant,
218 2251 303 2330 quod
338 2251 511 2316 multorum
546 2248 703 2315 sermonis
738 2253 891 2327 expertes
926 2266 965 2311 ea
1001 2252 1115 2311 tenent
1148 2266 1277 2327 semper

81 2373 165 2432 quae
188 2353 293 2434 prima
316 2353 500 2419 didicerunt
523 2375 577 2432 -;
602 2352 659 2416 sed
683 2370 753 2415 eam
778 2351 824 2415 sic
847 2350 942 2415 audio
966 2357 1003 2414 ut
1025 2351 1177 2414 Plautum
1200 2349 1276 2414 mihi

81 2462 140 2521 aut
162 2456 319 2523 Naevium
343 2456 458 2523 videar
481 2456 604 2521 audire'
629 2456 746 2538 (verba
768 2461 846 2520 siunt
868 2454 1036 2539 Crassi).²)

168 2560 258 2624 Idem
290 2566 397 2623 tamen
422 2560 604 2641 Aeschylus
635 2558 689 2637 qui
713 2577 776 2622 uno
807 2558 955 2623 alterove
985 2558 1055 2622 loco
1080 2556 1274 2639 primitivam

81 2663 203 2729 vocahs
237 2682 422 2728 mansuram
456 2662 591 2728 retinuit
621 2662 702 2727 alias
736 2661 909 2727 recentiori
939 2662 1002 2727 iarn
1037 2663 1276 2744 obtemperavit

81 2766 306 2832 consuetudini
336 2785 420 2846 quae
450 2766 581 2847 longam
616 2786 657 2831 ex
687 2765 789 2832 futuri
824 2765 1000 2846 aoristique
1032 2765 1184 2848 analogia
1219 2767 1274 2831 ad-

81 2879 281 2953 sumpseram
316 2870 407 2936 cuius
430 2869 478 2934 rei
500 2870 638 2950 primum
662 2870 843 2950 exemplum
875 2869 1005 2935 invenio
1028 2890 1057 2934 a.
1082 2873 1144 2934 467
1170 2869 1275 2952 (Sept.

81 2977 192 3060 lil6)³)
224 2976 309 3055 quod
333 2974 485 3054 deinceps
512 2974 701 3040 insecuntur
724 2975 830 3038 Prom.
857 2976 907 3037 ta.
933 2976 1006 3038 not.
1038 2975 1100 3056 Ag.
1126 2976 1176 3039 tu.
1200 2976 1274 3039 519.

168 3079 218 3142 Ab
252 3077 415 3159 Aeschylo
450 3096 520 3141 cum
556 3076 693 3157 primurn
728 3078 770 3142 ad
804 3083 931 3142 ceteros
966 3078 1131 3143 scaenicos
1168 3084 1273 3142 trans-

78 3182 219 3263 ierimus,
252 3200 345 3246 usum
372 3179 534 3247 novicium
565 3199 659 3260 quem
683 3179 716 3244 iu
746 3179 900 3262 principis
930 3181 1127 3263 tragicorum
1158 3181 1276 3246 sabuHs

85 3333 206 3340 ,.⁴—.....„
226 3332 287 3339 fl...-

152 3408 172 3473 ¹)
190 3405 232 3462 Ct'.
251 3421 335 3472 supra
354 3423 379 3473 p.
399 3410 459 3471 334,
479 3414 494 3457 t
514 3406 548 3459 do
567 3405 630 3474 ‹piu›
644 3405 758 3474 pinum.
781 3433 810 3443 -
832 3403 911 3470 Apud
932 3404 1058 3457 Solonem
1079 3403 1147 3456 nihil
1167 3404 1274 3456 invenio

80 3492 132 3545 nisi
151 3491 334 3560 κιιταρτῦεται
353 3498 395 3557 at,
418 3498 455 3542 ll.
1229 3546 1233 3554 ι

152 3582 172 3642 ²)
191 3577 364 3632 Schuchardt
382 3578 446 3634 Voc.
466 3577 491 3631 d.
512 3579 665 3645 Vulgtrlat.
686 3577 696 3629 l
717 3582 732 3627 ‘2
752 3583 806 3629 not.
835 3574 875 3629 cf.
894 3575 978 3629 etiam
993 3575 1108 3641 Quintil.
1127 3574 1193 3627 Vlll
1210 3580 1231 3641 1,
1245 3580 1274 3628 t:

79 3664 224 3732 ‘quomodo
251 3672 279 3718 et
309 3665 358 3718 illa
377 3665 470 3719 Attica
490 3681 559 3718 auus
578 3665 799 3732 Theophrastum
828 3667 964 3716 annotata
991 3661 1072 3715 nnius
1100 3658 1275 3715 affectatione

79 3750 153 3805 verbi
180 3751 316 3817 hospitem
341 3751 411 3804 dixit
438 3767 487 3805 nec
512 3750 568 3804 alio
593 3766 622 3803 se
647 3749 675 3802 id
701 3749 913 3817 deprehendisse
938 3750 1110 3814 interrogata
1135 3745 1276 3812 respoudit

78 3854 160 3905 quam
179 3836 250 3905 qnod
270 3838 382 3892 nimium
402 3838 493 3891 Attice
512 3837 685 3906 loqueretur.’
720 3836 799 3889 Unde
823 3836 910 3889 lucem
930 3836 1067 3904 accipiunt
1085 3834 1168 3888 verba
1187 3836 1274 3889 Favo-

79 3923 132 3976 rini
150 3922 307 3990 philosophi
326 3923 372 3991 qui
391 3938 451 3976 cum
471 3922 683 3978 ‘adulescentem
708 3933 830 3978 veterum
856 3924 999 3976 verborum
1024 3922 1228 3989 cupidissimum
1247 3930 1276 3977 et

80 4011 224 4078 plerasque
252 4025 331 4064 voces
361 4012 440 4064 ulmis
471 4012 576 4077 priscas
605 4019 633 4063 et
663 4011 772 4078 ignotas
802 4012 830 4064 iu
861 4011 1005 4065 cotidianis
1036 4009 1275 4078 communibusque

79 4096 250 4151 sermonibus
277 4099 490 4165 expromentem
518 4097 710 4164 compellaret,
739 4096 808 4150 dixit
836 4095 959 4165 ‘proinde
988 4098 1065 4165 quasi
1096 4113 1155 4151 cum
1187 4104 1275 4151 matre

80 4183 204 4237 Euandri
223 4200 294 4238 nunc
307 4184 438 4252 loquare'‚
458 4199 512 4236 non
531 4187 600 4236 ‘cum
619 4186 707 4251 patra’
720 4184 761 4237 vel
783 4188 850 4238 ‘cutm
865 4183 1005 4237 Euandro’
1026 4184 1084 4251 ipso
1104 4182 1207 4251 (Gelil
1224 4186 1274 4250 10).

149 4272 170 4337 ³)
188 4272 263 4327 Pers.
284 4277 334 4325 806
354 4269 518 4326 ἐκπιδύεται
537 4270 694 4324 coniectura
713 4277 755 4324 est
772 4269 910 4322 incertior.
931 4298 959 4306 -
982 4268 1035 4322 Sed
1054 4268 1273 4337 quandoquidem

79 4355 140 4410 aba
160 4356 319 4425 producitur
343 4357 397 4410 iam
417 4357 443 4409 in
464 4354 639 4422 supplicibus
658 4356 691 4417 (v.
712 4358 788 4423 tta),
811 4371 877 4410 casu
902 4355 1023 4408 evenisse
1046 4355 1168 4409 arbitror
1193 4365 1222 4409 ut
1246 4355 1274 4408 iu

78 4443 287 4502 denominativis
305 4442 494 4513 productionis
514 4442 667 4510 exemplum
688 4450 752 4495 ante
772 4458 873 4499 anuum
894 4448 942 4496 tot
964 4443 1069 4499 nullum
1089 4450 1223 4498 occurrat.
