2940 5026
517 220 754 283 -175-

28 413 139 489 forma
169 411 263 494 epiea
293 411 469 497 Πληιάδες.
524 437 550 474 ει
581 409 705 476 τοααλλε
735 428 831 490 quam
860 414 1015 490 expectes
1045 410 1085 474 oh
1116 428 1234 476 causas

29 518 234 601 euphonicos
271 516 437 599 displicuit
473 534 538 581 uon
575 519 644 581 tam
681 514 762 596 ipsis
800 515 907 596 poetis
945 533 1025 595 quos
1060 515 1234 594 Πλειιάδες

28 623 193 690 recitasse
223 622 370 703 suspicor
400 639 497 703 quam
527 617 700 700 rhapsodis
730 619 862 685 serioris
893 619 968 688 aevi
998 619 1053 701 qui
1083 638 1124 685 er
1153 639 1235 687 suae

29 727 156 795 aetatis
178 726 414 793 consuetudine
443 724 566 791 nullam
596 723 694 790 aliam
721 721 858 788 formam
882 723 1046 807 cognitam
1068 725 1236 791 habebant

29 831 96 899 nisi
119 835 323 897 contractam
346 830 506 908 Πλειάδες
528 847 590 895 nec
611 828 834 911 productionis
864 848 997 895 causam
1020 832 1054 894 et
1077 828 1234 911 originem

29 936 116 1003 satis
140 935 267 1018 cepisse
289 933 426 1017 putandi
449 938 535 999 sunt.
582 932 731 1020 Πληϊάιή
763 937 870 999 mater
892 953 913 1000 a
935 933 1042 1016 poetis
1065 952 1084 999 e
1106 933 1235 1000 nomine

29 1042 186 1109 Pliadum
208 1039 361 1107 facillime
384 1038 492 1122 potuit
511 1037 601 1121 fingi.
643 1037 822 1116 Πελειάδες
845 1037 1020 1124 (Athenae.
1043 1039 1096 1105 XI
1117 1042 1183 1106 490
1191 1040 1235 1126 F)

31 1167 74 1213 ex
97 1145 186 1212 falsa
215 1142 414 1228 etymologia
446 1141 542 1207 fluxit
575 1141 766 1222 (Πελειάδες
797 1141 945 1229 οὐράνιαι
974 1143 1108 1210 Hesiod.
1140 1144 1236 1228 frgm.

31 1251 122 1318 aaz.
156 1249 277 1316 Simon.
300 1248 396 1332 frgm.
422 1250 472 1329 18,
496 1247 613 1334 hB.⁴);
644 1248 743 1314 nihilo
774 1249 877 1315 setIus
903 1255 1014 1315 tamen
1042 1249 1161 1316 iudicio
1185 1258 1238 1317 est

29 1357 172 1423 formam
195 1373 280 1437 quae
303 1353 493 1420 mutationis
516 1371 649 1419 causam
672 1353 825 1435 praebuit
854 1353 956 1420 fuisse
978 1373 1043 1422 non
1067 1355 1237 1443 Πληιάδες

31 1467 94 1528 ant
131 1459 296 1551 Πλήάδες,
338 1459 398 1525 sed
433 1458 602 1536 Πλειάδες.
660 1457 782 1541 Sapph.
817 1459 925 1525 523}
959 1460 1048 1526 haud
1088 1461 1154 1527 scio
1193 1481 1236 1528 an

32 1569 217 1644 Πλενιάδες
239 1563 446 1631 scribentium
469 1562 522 1629 sii.

123 1668 262 1756 στειλειή
295 1667 452 1735 στειλειόν
482 1667 574 1733 ‘Stiel
596 1668 656 1733 der
677 1669 756 1734 Axt’
781 1687 917 1750 quorum
947 1669 981 1735 in
1010 1669 1115 1735 locum
1147 1669 1235 1750 apud

30 1777 213 1844 Homerum
240 1772 271 1859 (ε
294 1774 358 1838 236
390 1771 517 1859 φ422)
549 1770 688 1858 οιειλεϊή
721 1772 877 1838 οτειλεϊάι
906 1772 1094 1839 reducenda
1125 1772 1236 1859 sunt¹)

30 1901 53 1947 a
75 1879 208 1946 nomine
230 1877 370 1960 quodam
385 1874 601 1943 Intermortuo
624 1877 754 1955 *σκέλος
770 1876 922 1946 derivata
944 1881 1022 1944 sunt
1036 1882 1074 1943 ut
1096 1876 1235 1964 ἐγχεληῖ)

30 1987 75 2051 ab
100 1986 211 2070 ε”γχοςς
242 1981 282 2048 tf.
313 1981 532 2048 recentiorum
562 1981 675 2068 στελεή
709 1980 842 2048 στελεόν
866 1982 994 2060 στελεός
1016 1981 1236 2048 Meisterhans

31 2090 124 2155 ²34.
171 2086 302 2164 ’στόλος
330 2115 353 2140 =
379 2104 481 2169 germ.
506 2082 630 2170 Sitel.³)
664 2085 773 2170 γένοςε
802 2085 895 2171 γόνος
917 2114 938 2140 =
963 2085 1070 2163 τόκοςτ
1101 2086 1193 2165 τόκος
1214 2117 1238 2142 =

31 2193 184 2270 ὀτέλοςε
220 2191 336 2269 στόλος
370 2190 461 2256 cuius
491 2189 582 2258 vocis
613 2190 763 2272 exempla
793 2195 954 2272 quotquot
981 2190 1130 2257 invenire
1159 2191 1236 2257 mihi

31 2297 174 2381 contigit
203 2296 311 2363 omnia
341 2313 509 2378 apponere
537 2314 556 2360 e
585 2293 752 2363 revisum
782 2300 843 2361 est.
889 2296 940 2361 De
962 2294 1061 2360 remis
1082 2296 1236 2380 Aeschyl.

30 2404 127 2469 Pers.
144 2403 209 2468 414
232 2403 374 2488 ἔθραυον
390 2400 494 2466 πάντα
517 2399 651 2486 κωπήρη
668 2399 820 2486 ratiost)
844 2399 967 2486 (collat.
989 2399 1102 2487 ἀγαῖσι
1124 2407 1238 2467 κωπῶν

30 2529 65 2578 V.
78 2508 177 2595 423);
202 2508 243 2574 de
258 2507 348 2573 clavo
363 2505 512 2588 Sophocl.
529 2504 624 2588 frgm.
642 2507 705 2571 639
723 2511 890 2594 δραοιιαγή
907 2506 1031 2573 στόλον·
1052 2505 1236 2589 mineatem

31 2613 76 2680 de
99 2612 251 2678 comibus
277 2617 363 2696 trag.
390 2610 486 2694 frgm.
519 2611 632 2692 adesp.
655 2612 720 2677 598
752 2611 976 2696 στολοκρατές·
1008 2609 1044 2676 τό
1075 2615 1133 2695 τῆς
1160 2607 1238 2687 Ἰοῦς

29 2720 193 2802 μέτωπον,
218 2716 269 2783 διὰ
294 2715 334 2783 τὰ
361 2717 482 2800 κέρατα
511 2713 640 2800 (Hes.);
672 2714 713 2780 de
740 2714 874 2782 navium
896 2712 1013 2779 rostris
1036 2731 1062 2779 8.
1087 2712 1237 2798 ἐμβόλοις

31 2823 154 2889 Aestii.
189 2822 281 2888 Pers.
312 2822 378 2886 406
401 2837 449 2901 sq.
482 2817 581 2896 ου’θός
612 2821 647 2884 δὲ
680 2823 757 2896 ναῦς
787 2821 821 2884 ἐν
855 2822 911 2906 νήῒ
938 2818 1084 2906 χαλκήρη
1122 2819 1238 2887 στόλον

31 2928 170 2994 ἔπαισεν
203 2925 258 2992 ubi
281 2925 380 2991 schol.
405 2923 461 2990 τὸν
489 2925 626 3006 ἔμβολον
654 2918 743 3006 παρὰ
775 2921 812 2989 τὸ
844 2925 888 3001 εἰς
919 2921 974 3001 όξὺ
1006 2924 1235 2991 συνεστάλθαι.

30 3033 115 3099 Eur.
146 3031 252 3114 Iphig.
283 3031 383 3096 Taur.
417 3031 511 3095 1135.
542 3033 628 3112 trag.
659 3027 755 3110 frgm.
787 3028 900 3112 adesp.
925 3031 988 3094 272
1019 3029 1238 3114 χολκδδοιιος
1332 3063 1335 3069 -

33 3136 172 3214 οτάλοος
194 3135 289 3221 (Hes.
314 3134 369 3216 qui
391 3152 457 3200 non
480 3152 616 3215 prorsus
638 3138 730 3198 reete
760 3133 904 3216 explicat
929 3140 1073 3220 χαλκοῦς
1103 3134 1238 3214 ὀδόντας

33 3245 181 3329 ἔχοντας’
213 3240 347 3319 ὀδόντας
378 3243 413 3306 δὲ
443 3242 550 3327 ἔλεγον
575 3237 614 3305 τὰ
638 3240 778 3323 ἔμβολα,
811 3239 832 3305 ἅ
856 3266 938 3319 τινες
961 3241 1111 3326 ἕμβόλια)
1134 3271 1157 3296 =
1180 3243 1237 3324 ἔμ’-

31 3355 118 3432 βολα
140 3346 351 3433 χαλκόστομα
374 3346 492 3412 Aesch.
516 3346 609 3411 Pers.
629 3347 694 3411 413
719 3346 841 3427 ἔμβολα
864 3346 1072 3432 χαλκόγενεια
1096 3346 1237 3430 Philipp.

32 3452 105 3518 ΑΡ.
144 3451 193 3518 VI
230 3453 311 3534 236,
348 3455 378 3517 1.
430 3450 479 3516 Of.
514 3449 614 3515 etiam
647 3449 792 3533 Hesyth.
826 3461 966 3536 κραῖροι·
1004 3450 1115 3517 στόλοι
1148 3457 1236 3519 ναόν.

30 3558 181 3641 μέτωπα.
205 3559 350 3644 κεφάλαι’
361 3556 517 3643 (fortasse
534 3554 715 3622 adhibitum
730 3554 1025 3637 interpretantibus
1039 3556 1238 3623 homericum

31 3735 244 3751 v———-———

109 3822 128 3885 ¹)
145 3817 207 3872 Non
226 3815 329 3884 legitur
353 3814 427 3882 apud
452 3815 601 3870 Homerum
628 3817 700 3885 quod
719 3816 808 3870 slmile
827 3816 864 3870 alt
881 3816 970 3871 versui
989 3833 1006 3871 a
1025 3814 1110 3871 Suida
1129 3823 1238 3871 serrato

345 3904 455 3972 ιλμελιον
474 3909 500 3959 εἰ
517 3906 556 3970 μή
577 3906 604 3958 οδ
623 3907 664 3959 ἐνὶ
685 3904 823 3959 στειλειὸν
843 3905 944 3974 &piper

34 3991 212 4057 (Lachmann
231 3990 314 4047 Babr.
332 3990 400 4044 VIII
417 3990 463 4044 ubi
482 3990 620 4047 στειλειὸν
638 4017 672 4035 =
691 3994 790 4047 σιελεά
808 3990 892 4049 Babr.
911 3990 967 4049 fab.
989 3993 1056 4058 141).

109 4083 130 4146 ²)
150 4078 184 4132 tle
202 4079 321 4134 diaereai
339 4095 364 4136 v.
383 4078 489 4149 Smyth.
509 4085 551 4133 ΕΙ
564 4095 591 4147 p.
612 4085 654 4133 34.

107 4172 129 4232 ⁸)
147 4167 189 4220 De
218 4167 330 4222 notione
356 4167 429 4222 vocis
456 4168 574 4233 σιειλειά
602 4167 757 4223 homericae
788 4168 890 4223 erravit
916 4183 977 4222 cum
1005 4167 1069 4222 aliia
1096 4166 1165 4222 Fick
1192 4169 1239 4237 qui

35 4255 92 4310 ΒΒ.
118 4253 184 4309 XIV
215 4260 246 4308 ta
274 4243 351 4309 ‘hur’
368 4254 453 4309 vertit
470 4263 631 4322 comparato
649 4256 691 4314 lit.
714 4257 788 4326 styli
803 4255 905 4313 ‘Loeh’.
941 4256 973 4311 V.
993 4255 1094 4324 Helbig
1112 4256 1147 4315 D.
1165 4257 1239 4312 hom.

35 4341 113 4410 Epor
132 4357 184 4397 aua
202 4341 228 4399 d.
247 4342 366 4398 Denkm.
386 4341 485 4397 arlant.
505 4347 516 4379 ²
535 4347 596 4399 349.

109 4430 130 4497 ι)
150 4431 280 4502 κωπήρης
305 4430 404 4489 στόλος
422 4453 456 4472 ==
476 4427 519 4482 (lia
538 4428 752 4497 Ruderstangen
776 4430 918 4505 (κωπήρης
941 4455 975 4481 =
998 4430 1049 4484 mit
1067 4433 1145 4499 κώπη
1169 4431 1242 4487 Griff

35 4516 193 4573 veraehen'l
212 4532 248 4571 an
268 4518 398 4591 κωπήρης
417 4542 450 4560 =
469 4533 531 4570 zum
550 4515 645 4572 Ruder
663 4517 786 4586 gohorig,
805 4518 846 4572 ala
865 4519 961 4573 Ruder
978 4518 1164 4583 σετσεσδεδλ)
