2956 5040
702 201 939 263 -230-

143 457 147 461 ,
221 389 340 454 talibus
377 389 488 454 soranis
523 409 608 470 quae
647 391 782 471 dempta
815 391 1028 471 productione
1061 390 1094 455 in
1133 411 1268 457 versum
1304 391 1416 458 includi

219 499 386 573 nequeunt
408 493 470 558 nisi
501 493 566 558 alia
590 494 733 559 admissa
756 494 905 576 licentia,
937 495 976 558 cl'.
1002 495 1152 576 exempla
1176 496 1218 560 ab
1242 495 1317 575 ipso
1340 495 1415 560 Har·

179 627 184 635 ·
220 598 296 663 telio
320 598 455 663 collecta
466 597 556 663 'Cerdo
576 601 608 663 Ψ
620 601 684 664 ‘244
705 597 775 682 (quui
791 618 907 665 versus
931 597 1044 663 melior
1067 598 1124 664 liet
1147 598 1174 663 si
1190 619 1252 680 pro
1269 599 1418 666 libromm

215 703 299 770 Ἄιδι
323 706 493 787 κεύθωμαι
516 706 723 787 rescripseris
742 704 838 771 ”Alb
861 702 1060 788 κεκδθωμαι)
1070 703 1094 788 ¹)
1120 704 1219 768 δέπαϊ
1243 704 1313 769 ἔτεϊ
1325 703 1418 786 Ἡρα·
1448 732 1467 775 t

219 810 305 874 κλέεϊ
325 810 440 894 κόρυθι
464 811 576 896 κράτεϊ
598 811 715 893 πατέρι
740 809 852 875 πτόλεϊ
875 807 968 873 σάκεϊ
987 808 1098 873 σθένεϊ
1119 806 1218 873 donn
1242 806 1418 893 διιερμενὲί.

220 915 390 981 Accedunt
432 915 646 997 antispastica
684 913 830 1000 Ἀχιλλῆι
868 912 1021 998 Ὀδυσσῆι
1063 910 1179 991 quibus
1222 914 1419 979 consuetudo

220 1021 364 1103 volgaris
406 1040 580 1086 consonam
623 1019 822 1103 geminatam
865 1019 924 1083 dat
962 1035 1068 1082 sermo
1110 1021 1285 1096 poetarum
1326 1037 1418 1100 saepe

220 1126 360 1191 alterum
384 1135 400 1190 t
426 1153 445 1190 σ
468 1125 622 1191 detrahit.
668 1124 755 1205 Ipsis
779 1123 884 1204 poetis
907 1123 990 1187 haec
1014 1120 1175 1187 detractio
1199 1159 1242 1167 —-
1266 1122 1418 1203 quidquid

221 1229 261 1293 de
277 1229 347 1295 eius
363 1230 488 1313 origine
504 1237 538 1295 et
558 1248 658 1295 causa
673 1228 903 1311 iudicaveris²l
922 1265 961 1274 -
977 1245 1041 1292 non
1065 1225 1171 1290 miuus
1186 1245 1281 1291 mera
1298 1227 1421 1308 poetico

219 1334 352 1400 licentia
374 1341 507 1416 poterat
529 1335 673 1400 admissa
696 1333 801 1401 videri
832 1353 928 1413 quam
957 1360 966 1396 ι
999 1331 1121 1397 vocalis
1136 1331 1181 1396 in
1212 1331 1331 1398 dativo
1354 1352 1419 1414 pro

220 1439 344 1504 ductio:
390 1439 432 1504 ad
467 1438 605 1503 alteram
641 1445 748 1503 utram
788 1437 964 1521 confugere
998 1437 1163 1502 debebant
1196 1435 1224 1500 si
1259 1437 1419 1503 nominum

221 1542 387 1627 Ἀχιλλεύς
404 1542 571 1620 Ὀδυσσεύς
594 1543 724 1609 dativos
746 1542 779 1607 in
805 1562 903 1609 versu
925 1541 1055 1607 heroico
1078 1541 1236 1606 adhibere
1259 1541 1294 1607 iu
1320 1541 1419 1608 auum

221 1655 325 1730 esset3
361 1648 403 1713 ad
438 1654 545 1713 utram
576 1648 791 1729 contingerent
819 1648 956 1712 liberum
995 1664 1106 1712 eorum
1137 1655 1211 1711 erat
1241 1647 1418 1712 arbitrium.

308 1753 451 1819 Obstant
472 1753 573 1837 igitur
588 1752 717 1819 nonnisi
742 1780 807 1836 παρ
824 1753 880 1836 νηί
900 1751 1058 1832 τεμένεα
1081 1753 1172 1815 ι194
1194 1779 1216 1803 =
1240 1779 1258 1813 κ
1281 1754 1350 1816 444
1373 1750 1420 1817 ubi

220 1857 308 1923 haud
339 1857 405 1923 scio
429 1876 471 1923 an
503 1857 709 1922 scribendum
740 1857 784 1922 sit
807 1875 848 1921 ex
873 1854 1035 1920 Holstenii
1058 1854 1121 1919 mei
1143 1854 1339 1919 coniectura
1362 1881 1419 1937 ιιιιρ

222 1960 276 2048 aqi
303 1964 438 2045 μενέμεν
466 1963 594 2029 collatis
617 1969 633 2040 ξ
658 1965 723 2028 ‘260
745 1992 766 2015 =
791 1987 809 2046 ρ
832 1962 914 2041 429,
946 1978 1011 2039 qua
1040 1959 1221 2024 mutatione
1253 1960 1420 2041 productio

221 2096 231 2132 t
256 2068 378 2134 vocalis
401 2068 502 2134 multo
525 2068 582 2133 liet
611 2066 827 2147 tolerabilior,
859 2072 894 2130 et
916 2064 1041 2132 Λῖσιτῑ
1069 2065 1102 2128 δὲ
1126 2063 1173 2146 (Ξ
1194 2067 1261 2129 459
1298 2069 1328 2129 Ρ
1349 2067 1419 2149 123)

221 2172 306 2252 quod
329 2172 473 2239 Homero
497 2172 660 2238 condones
683 2172 847 2238 interdum
871 2169 1070 2236 dormitanti.

308 2277 397 2360 Quas
428 2297 481 2343 res
505 2276 662 2358 explicari
684 2295 749 2364 uon
780 2294 876 2356 posse
900 2273 1041 2340 arbitror
1069 2272 1132 2338 nisi
1154 2273 1188 2337 in
1218 2273 1270 2338 his
1303 2273 1420 2341 (dativis

221 2409 231 2444 ι
255 2381 401 2448 vocalem
417 2387 538 2447 natura
560 2383 693 2447 brevem
718 2380 785 2445 solo
808 2379 874 2444 ictu
899 2379 1090 2461 productam
1106 2397 1180 2444 esse
1203 2379 1419 2464 sumamnszll

221 2504 317 2566 quam
350 2485 514 2551 licentiam
546 2492 661 2568 poetas
697 2484 758 2550 sibi
787 2484 820 2549 iu
857 2483 1043 2551 universum
1074 2483 1218 2549 noluisse
1254 2484 1339 2550 citra
1368 2504 1418 2550 ne·

221 2588 408 2655 cessitatem
436 2588 607 2672 indulgere
635 2608 729 2654 nemo
760 2587 940 2653 mirabitur.
987 2588 1033 2652 At
1065 2587 1295 2668 obloquentem
1327 2588 1419 2654 audio

220 2693 406 2758 Hartelium
423 2712 544 2759 —nou
564 2700 674 2759 tamen
695 2693 958 2774 persuadentem.
988 2693 1072 2759 Nam
1088 2690 1217 2758 etiamsi
1232 2692 1306 2759 viro
1330 2693 1420 2760 docto

294 2869 313 2930 ¹)
332 2864 372 2920 Gi.
393 2871 473 2929 [303
494 2867 540 2920 ubi
559 2867 665 2921 codices
684 2870 827 2921 κεκύθωσι
846 2874 874 2921 et
893 2869 1018 2920 κεύθισσι
1036 2866 1191 2934 porrigunt.

292 2956 312 3019 ²)
332 2956 466 3023 Ἀχιλλεύς
494 2962 523 3009 et
552 2957 673 3026 Ἀχιλεύς
701 2972 816 3024 quorum
845 2954 943 3010 exilior
972 2956 1061 3010 forma
1088 2971 1149 3009 cum
1178 2971 1240 3007 mox
1269 2956 1297 3009 in
1329 2957 1421 3010 desue-

221 3040 345 3096 tudinem
363 3041 476 3098 abiisset
495 3059 512 3097 a
531 3043 596 3097 solis
614 3043 702 3111 poetis
722 3044 911 3098 commoditati
936 3058 1029 3098 versus
1054 3043 1193 3113 pangendi
1215 3044 1421 3098 consulentibus

222 3129 394 3184 retinebatur
413 3145 510 3184 censeo
535 3145 594 3184 esse
619 3131 820 3199 hypocoristica
846 3130 995 3184 abeodem
1022 3140 1167 3199 utrumque
1185 3132 1278 3197 capite
1296 3130 1421 3198 ductum3

221 3218 423 3286 hypocoristioa
442 3219 513 3272 enim
533 3233 670 3272 consonae
696 3218 910 3285 geminationem
930 3217 1076 3272 admittere
1096 3234 1151 3273 nou
1175 3225 1269 3272 tamen
1294 3217 1421 3286 flagitare

222 3305 392 3360 notissimum
424 3314 465 3360 est
495 3309 528 3374 (v.
559 3322 582 3363 c.
609 3304 644 3362 cf.
673 3321 728 3361 arc.
756 3309 873 3366 ψιλλιας
905 3305 972 3361 Coll.
1002 3323 1041 3362 ur.
1073 3306 1167 3359 1231ss
1198 3312 1226 3359 lt
1260 3331 1288 3350 ω
1318 3311 1420 3365 φιλίας

170 3392 173 3395 ’
222 3407 262 3444 nr.
284 3393 378 3446 ltttc
400 3393 431 3459 l).
468 3392 544 3458 Quae
564 3393 647 3446 fuerit
672 3391 791 3447 nominis
815 3393 956 3461 primitiva
981 3394 1069 3447 torma
1092 3394 1161 3446 scire
1189 3392 1311 3448 tortasse
1336 3392 1421 3449 nefas.

222 3479 291 3534 Hinc
309 3480 427 3533 variatio
447 3481 501 3544 (ll.-
524 3482 549 3547 l)
575 3495 592 3534 a
617 3479 705 3547 poetis
732 3479 768 3534 ad
793 3481 908 3536 alterins
932 3481 1023 3536 herois
1050 3497 1147 3535 nomeu
1173 3480 1267 3534 licenti
1292 3479 1421 3548 analogia

221 3565 350 3620 traducta
368 3574 419 3623 est.
455 3569 606 3636 Ἀχιλλεδςι
626 3569 748 3636 Ἀχιλεύς
768 3593 800 3609 =
821 3567 983 3626 Ὁδυσσεύςτ
1000 3586 1025 3620 ι’,
1043 3586 1061 3620 ae
1080 3593 1112 3610 =
1132 3568 1268 3626 Ὀδυσεύς.

293 3658 315 3719 ⁸)
334 3655 366 3711 G.
385 3656 480 3724 Meyer
501 3662 511 3692 ¹
530 3654 545 3725 ᾗ
564 3661 612 3709 etl
637 3671 663 3722 p.
683 3661 742 3712 338.
779 3654 911 3709 Similiter
936 3654 1112 3710 statuendum
1137 3653 1170 3708 de
1194 3654 1298 3709 uocalis
1325 3677 1342 3707 α
1361 3670 1421 3722 pro·

221 3741 349 3795 ductione
367 3742 395 3796 iu
414 3742 457 3797 his
474 3744 565 3797 neutri
589 3742 659 3810 plur.
686 3741 780 3796 formis
799 3742 962 3814 α’ριᾳριιδεά
985 3747 1048 3796 trra
1071 3743 1260 3810 κυλινδόμενα
1283 3742 1312 3807 (?
1334 3766 1344 3795 ι
1366 3747 1421 3807 tlt)

222 3831 317 3883 ὁπόσα
338 3832 375 3894 (Ω
392 3828 416 3896 i)
436 3831 559 3882 ὀπταλέα
581 3831 731 3899 πορφύρεα
754 3833 881 3902 ῥωγαλέα
903 3831 1021 3899 ρλόγια.
1053 3829 1094 3883 De
1113 3834 1203 3882 *datr
1225 3826 1257 3882 ια
1280 3836 1346 3901 περὶ
1367 3834 1421 3883 xri.

221 3915 270 3976 (in.
291 3920 375 3981 vers.)
395 3923 422 3969 et
440 3914 474 3969 de
494 3914 582 3970 πολλὰ
603 3918 772 3986 λισσόμενος
785 3917 873 3970 simm.
892 3913 966 3969 infra
985 3930 1074 3982 agam.
1101 3914 1177 3980 eree
1192 3915 1263 3968 ratio
1277 3915 1422 3969 intercedit

139 4022 141 4025 ¹
221 4003 294 4057 inter
312 4019 406 4058 versus
425 4026 435 4055 ι
456 4008 505 4057 109

431 4090 500 4143 stlat
522 4092 556 4144 ια’
577 4090 602 4159 γ’
622 4094 754 4163 uirtutum«
774 4097 819 4144 καὶ
841 4093 967 4162 α’νήροια
988 4091 1082 4143 :trium
1101 4091 1223 4158 ιρδονιαι

222 4171 249 4213 et
269 4182 278 4211 ι
301 4164 349 4212 123

208 4237 210 4241 ’
430 4230 488 4281 ‹lll'
508 4224 523 4296 ι’]
543 4231 568 4300 γ’
588 4234 734 4301 ἄσπαρτος
754 4237 801 4283 καὶ
822 4232 960 4302 ιῖνιὶροτος
980 4234 1073 4300 ἤματα
1092 4231 1190 4283 πάντα

222 4313 326 4382 nescio;
364 4313 464 4368 odoror
499 4316 706 4384 interpolatoris
741 4334 859 4370 manum.
892 4349 924 4356 -
956 4318 1023 4369 Cum
1059 4316 1284 4385 Wackernagelii
1320 4318 1420 4372 librum

222 4402 396 4454 novissimum
417 4396 489 4464 (Das‘
505 4402 750 4471 Dehnungsgesetz
775 4405 824 4457 der
843 4405 943 4470 grieoh.
964 4403 1133 4470 Composita)
1150 4404 1340 4472 perlegissem,
1359 4420 1421 4457 cou-

222 4488 328 4543 iectura
347 4488 412 4543 mihi
432 4487 545 4543 suborta
565 4496 606 4544 est
625 4507 705 4561 quam
726 4500 818 4545 tamen
832 4492 924 4545 statim
944 4492 1045 4546 abieci:
1064 4490 1271 4560 productionem
1292 4492 1421 4547 crotalis
