2956 5040
544 218 782 287 -223-

60 415 197 486 vocales
212 412 334 496 posite;
358 410 445 478 unde
460 410 636 478 concludas
651 416 768 493 poetas
791 416 913 494 quanto
929 412 1265 478 maioremlicentiem

60 519 126 587 sibi
147 517 359 601 indulgerent
384 515 520 600 syllabis
548 516 645 582 metri
673 515 784 600 gretia
812 517 973 600 porrectis
1001 517 1034 584 in
1064 516 1265 587 tribrevibus

61 643 150 706 quae
184 642 206 690 a
235 639 335 691 versu
368 619 531 705 dactylico
561 639 627 687 non
660 638 795 704 prorsus
825 621 1105 687 abhorrerent-
1127 625 1266 704 possunt

62 734 143 796 aute
177 726 324 809 duplices
358 744 519 792 consonas
552 725 606 796 vel
640 724 825 808 geminatas
858 724 928 791 sine
966 724 1035 791 ulla
1071 725 1266 807 quantitatis

62 831 246 899 mutatione
274 829 380 896 locum
409 828 622 897 invenire-
644 833 739 896 tanto
769 829 875 913 magis
904 830 1002 896 anne
1023 829 1058 896 id
1081 830 1205 914 egisse,
1229 835 1268 897 ut

63 933 313 1019 productionem
334 932 424 999 illam
446 932 491 999 ibi
510 932 616 1001 solum
638 933 841 1018 adhiberent,
866 933 921 1001 ubi
935 940 1056 1002 natura
1078 953 1231 1002 sonorum
1240 935 1266 1021 1)

64 1041 98 1107 ei
131 1040 241 1121 aliquo
274 1039 370 1105 modo
403 1038 550 1108 faveret:
590 1057 611 1105 a
647 1057 713 1120 qna
749 1044 860 1107 tamen
898 1039 1133 1107 consuetudine
1167 1054 1267 1128 unum

65 1144 252 1228 exemplum
286 1143 412 1210 recedit
445 1146 570 1211 πείκετε
594 1171 615 1210 ιτ
636 1144 702 1210 316
732 1142 818 1224 quod
848 1141 1030 1230 nonnulli2)
1060 1161 1102 1209 ex
1131 1143 1268 1227 ’πίῃέιν

65 1254 220 1334 repetere
249 1249 375 1316 frustm
404 1248 618 1317 desudarunt.
663 1248 732 1314 Nec
762 1247 867 1331 magis
897 1247 1024 1315 arridet
1049 1247 1091 1314 H.
1120 1248 1269 1316 Moelleri

65 1355 208 1439 suspicio
240 1354 321 1437 (KZ.
345 1353 461 1421 XXIV
490 1352 570 1440 513)
600 1352 656 1434 qui
685 1379 698 1417 ι
725 1370 767 1418 ex
788 1380 806 1419 κ
828 1352 1022 1435 insequente
1052 1358 1166 1421 natum
1194 1372 1268 1422 esse

60 1448 210 1529 ¹intendit
232 1456 338 1540 neque
368 1463 479 1525 tamen
502 1495 544 1505 -
567 1457 596 1524 si
626 1455 794 1539 exceperis
817 1455 995 1525 Meinkium
1018 1455 1075 1543 (de
1098 1459 1269 1541 epenthesi

66 1584 190 1651 graeca
213 1565 270 1652 tc)
302 1569 336 1631 et
365 1561 574 1631 Bauuackios
604 1559 715 1647 (inser.
740 1559 944 1646 Gortynii
969 1561 1033 1649 sq.)
1063 1561 1269 1630 coniecturas

66 1670 265 1742 venusinae
293 1667 478 1737 effutientes
508 1706 549 1718 —
580 1667 724 1736 vlrorum
754 1664 923 1732 doctorum
954 1683 1124 1733 assensum
1153 1665 1269 1733 tulime

68 1775 246 1863 videtur)
291 1773 403 1843 Etiam
431 1773 653 1843 incredibilius
683 1776 736 1839 est
764 1770 997 1839 Fraulriurteri
1025 1770 1183 1858 (Ilpenth.
1212 1770 1269 1857 22)

67 1889 106 1951 et
126 1881 326 1951 Hartmanni
348 1879 403 1967 (G.
427 1881 543 1965 Meyer
566 1879 578 1918 ¹
601 1877 621 1966 ξ
644 1879 708 1944 499
740 1894 772 1958 p.
798 1877 878 1964 442)
901 1881 1118 1943 commentum
1146 1877 1270 1942 πείκετε

68 2008 91 2056 a
114 2001 241 2056 πεκτεῖν
255 1987 437 2074 (Aristoph.
454 1991 517 2058 Ar.
535 1988 613 2073 714)
630 1984 759 2053 omnino
775 1980 1030 2066 segregandum.
1058 1981 1136 2063 Ipse
1151 1999 1271 2062 sequor

67 2093 104 2160 iu
125 2094 188 2160 bac
218 2094 410 2177 quaestione
440 2092 478 2160 L.
502 2093 673 2178 Meyerum
696 2089 752 2172 qui
781 2087 871 2173 (Vgl.
894 2086 952 2153 Gr.
976 2085 1017 2151 p.
1031 2085 1110 2172 822)
1133 2085 1177 2151 ed
1200 2086 1269 2151 πεί·

69 2223 142 2263 κετε
165 2195 341 2278 adscripsit
364 2196 460 2264 ‘wohl
482 2196 657 2266 metrisch’.
692 2195 798 2279 Quam
820 2190 1018 2258 sententiam
1039 2189 1271 2273 impugnaturo

19 2287 23 2293 ’
69 2319 138 2367 non
167 2299 279 2367 licebit
306 2300 341 2366 in
371 2319 466 2367 suum
496 2318 591 2367 usum
620 2302 815 2367 convertere
844 2294 982 2362 Hesiodi
1010 2293 1072 2376 Op.
1096 2296 1161 2361 lib
1191 2293 1273 2381 ἠμὲν

71 2403 121 2483 ὄις
145 2406 264 2470 πείκειν
286 2403 342 2470 ubi
365 2402 413 2483 ὄις
435 2405 570 2488 κειέμεν
592 2401 821 2486 corrigendum
850 2405 903 2467 est
931 2417 993 2466 nec
1025 2416 1206 2481 provocare
1229 2399 1272 2465 ad

71 2514 134 2576 att.
158 2511 288 2575 Πείκων
310 2508 424 2576 cluet
448 2509 465 2575 Ι
495 2511 560 2576 396
590 2507 682 2594 (Keil
710 2507 800 2590 apud
829 2504 1097 2588 Pape·Benseler
1126 2504 1273 2590 Πρίκων)

72 2651 115 2661 -
150 2614 237 2696 quod
269 2613 387 2681 fecisse
425 2611 521 2683 video
555 2614 717 2680 Oauerum
752 2611 803 2699 (Ο.
838 2611 931 2679 Stud.
963 2608 1048 2677 VIII
1083 2608 1163 2696 251)
1198 2609 1272 2676 ideo

71 2717 336 2800 improbandum,
371 2718 457 2799 quod
490 2719 553 2784 hoc
585 2736 704 2785 nomen
738 2717 837 2785 etiam
871 2718 914 2783 ad
943 2715 1071 2783 radices
1102 2741 1174 2780 πεικ
1202 2713 1273 2781 sive

72 2840 159 2903 quae
173 2821 261 2888 inest
282 2823 316 2888 in
333 2824 474 2902 ποικιιις
496 2823 567 2893 sive
583 2823 669 2890 unde
693 2823 857 2889 ducuntur
873 2821 994 2907 πικρός,
1019 2819 1137 2886 πεικόν·
1161 2817 1275 2905 πικρόν

72 2927 154 2992 Hes.
177 2927 344 3008 pertinere
366 2932 479 3010 potest
500 2965 541 2975 r-
564 2946 671 3008 neque
698 2925 790 2993 abuti
812 2924 1022 3010 Hesychiano
1047 2935 1164 3002 πείκις·
1189 2924 1275 3008 ἔριον

73 3032 187 3115 ξάμμιι
214 3032 302 3113 quod
332 3038 392 3099 aut
419 3032 593 3099 imItatoris
624 3036 676 3097 est
705 3031 797 3098 cuius
827 3029 929 3098 menti
958 3029 1095 3112 antiqua
1124 3029 1275 3112 exempla

74 3139 199 3203 πείκετε
222 3142 257 3201 et
280 3137 399 3203 πείκειν
420 3137 527 3220 ipsum
549 3135 667 3203 mendo
689 3153 755 3202 non
770 3153 911 3204 vacuum
934 3135 1196 3204 obversabantur
1218 3138 1276 3201 aut

73 3262 118 3310 ex
155 3242 250 3320 πίνος
287 3241 349 3328 (sic
382 3241 486 3331 suit.)
525 3246 723 3325 corruptum.
774 3241 914 3309 Glossae
950 3239 1109 3325 Hesychii
1146 3242 1275 3307 πείκειν·

75 3349 197 3426 ξαίνειν
219 3351 253 3427 (=
276 3349 388 3413 νιίκειν·
413 3349 533 3426 ξαίνειν
554 3347 647 3434 ibid.)
671 3352 706 3414 et
729 3350 866 3414 πίνεται·
894 3348 1071 3426 κτενίζεται
1094 3344 1128 3430 (i.
1153 3363 1181 3411 θ.
1206 3345 1275 3412 πεί-

74 3471 156 3518 κετε·
187 3453 356 3530 κτενιζετε)
385 3451 429 3517 ad
458 3451 547 3534 ipsos
577 3450 713 3518 Homeri
742 3451 943 3533 Hesiodique
972 3450 1061 3516 locos
1097 3448 1277 3531 respiciunt

75 3573 184 3637 neque
226 3554 322 3621 ullius
364 3573 442 3622 usus
484 3560 570 3623 sunt.
623 3555 806 3622 Lucramur
848 3555 887 3621 L.
925 3554 1052 3643 Meyeri
1089 3552 1277 3620 coniectura

150 3835 172 3902 ¹)
189 3832 290 3889 Falsos
321 3845 380 3886 esse
407 3831 454 3900 qui
481 3830 547 3900 ipsis
573 3828 684 3900 liquidis
711 3831 795 3887 etiam
823 3830 851 3886 in
878 3830 976 3887 mediis
1002 3829 1112 3887 vocibus
1138 3829 1277 3900 quandam

75 3921 246 3991 producendi
264 3917 317 3973 rim
337 3916 490 3973 concedunt
508 3932 591 3987 supra
609 3933 636 3985 p.
656 3922 707 3970 204
726 3917 814 3987 docui.
850 3916 985 3987 Liquidae
1006 3915 1194 3986 productionis
1222 3933 1278 3973 uou

75 4017 136 4066 tam
155 4006 306 4064 effectrices
332 4020 414 4075 quam
436 4003 625 4073 productionis
646 4005 779 4061 metricae
797 4004 928 4062 fautrices
946 4010 1020 4062 suut.
1055 4005 1133 4062 Idem
1150 4004 1227 4061 valet
1245 4003 1278 4059 de

79 4123 90 4154 ι
108 4106 175 4156 aute
192 4097 301 4154 vocales
320 4095 465 4153 collocato.

151 4203 173 4274 ¹)
191 4201 285 4257 Christ
301 4199 453 4257 Lautlehre
472 4205 514 4258 44.
544 4198 654 4256 Curtius
673 4199 769 4256 (luda.⁵
788 4217 830 4259 ur.
848 4204 890 4260 bt.
917 4199 1000 4259 Verb.
1018 4200 1045 4254 1¹
1064 4203 1116 4255 tto
1132 4197 1177 4268 (ol.
1195 4199 1278 4257 etium

78 4289 177 4348 Grda.⁵
195 4293 246 4345 618
264 4291 316 4358 sq.)
334 4286 392 4345 alii.

151 4397 173 4465 ι)
192 4394 224 4450 ν.
237 4394 302 4453 ron
316 4391 441 4449 sermm
458 4391 516 4447 nz.
528 4391 608 4448 xxv
628 4396 677 4447 ιιι
695 4391 728 4450 o.
740 4390 837 4463 noyer
855 4394 866 4428 ν
883 4388 961 4460 §tlt
982 4356 1036 4449 εἰ
1056 4408 1082 4461 p.
1098 4394 1146 4446 ur
1165 4406 1279 4462 quorum

78 4483 210 4541 iudicium
228 4481 339 4554 probo„
