2940 5026
704 201 941 266 -100..

222 391 321 457 etiam
344 392 558 473 productione
583 392 716 472 dempta
739 409 856 457 versus
880 389 991 470 epicus
1014 389 1186 471 reciperet,
1210 389 1421 456 inveniuntur

222 496 311 579 apud
333 496 511 562 Homerum
535 515 562 561 c.
587 495 678 561 ibies
702 493 786 579 (bias
809 494 842 559 in
865 494 1011 580 thesi).¹)

310 602 432 668 Contra
454 603 588 670 brevem
611 601 758 669 vocalem
781 600 905 665 habent
928 638 968 646 —
992 605 1126 682 praeter
1149 598 1285 665 dubium
1310 602 1416 666 Atili

222 724 317 786 quem
341 724 473 772 Versum
497 705 696 771 correximus
721 743 761 751 -
786 733 806 769 a
822 706 887 770 405
911 707 986 789 περί
1009 707 1125 782 ξείνοιο
1147 705 1298 788 ἐρέσθαι,
1325 705 1420 770 α13ἴ)

222 814 303 897 pit
337 810 412 895 περὶ
443 807 565 893 πατρὸς
590 807 821 893 ἀποιχομένοιο
845 808 952 891 ἔροιτο
983 807 1099 888 quibus
1128 805 1281 874 versibus
1305 806 1339 872 in
1365 808 1421 872 hac

222 916 415 999 quaestione
438 914 553 980 eadem
576 913 751 980 tribuenda
775 918 826 979 cst
848 912 1028 979 auctoritas
1051 917 1149 992 atque
1172 910 1206 976 in
1232 912 1420 991 quaestione

222 1023 263 1089 de
298 1019 503 1102 correptione
539 1018 674 1104 attica²)
713 1017 877 1088 codicibus
912 1016 1049 1083 Hesiodi
1085 1016 1168 1098 Opp.
1202 1017 1265 1081 737
1305 1015 1420 1102 ἠελίοιο

222 1126 445 1210 τετραμμένου
474 1121 762 1208 porrigentibus.³)
808 1120 904 1205 Quod
933 1139 1048 1189 verum
1071 1124 1122 1185 est
1148 1120 1327 1188 revocavit
1353 1122 1421 1187 olim

222 1233 431 1246 --—--——-

293 1269 315 1333 ι)
334 1264 522 1339 ύνειρύμενος
551 1263 698 1336 εἰρόμενος
729 1275 790 1314 cum
823 1275 892 1316 cass.
922 1259 1002 1327 obli,
1033 1261 1088 1314 ύν-
1123 1259 1245 1333 διείρεαι
1278 1279 1331 1315 -εο
1364 1280 1421 1316 -ετο

221 1371 244 1410 ο.
263 1355 344 1409 tties.
363 1385 398 1394 -
418 1367 441 1423 τη
459 1359 491 1408 81
512 1369 551 1422 sq.

464 1451 537 1509 μαῖα
555 1441 631 1510 φίλη,
647 1439 775 1508 χαλεπόν
794 1452 825 1491 σε
844 1438 922 1492 θεῶν
941 1438 1142 1506 αἰειγενετάων

466 1533 552 1599 ιλύνεοι
571 1534 714 1604 εἴρυσθαι,
733 1529 812 1595 μα’λα
830 1546 884 1597 περ
904 1526 1054 1600 πολύιδριν
1072 1526 1177 1580 έοῦσαν

222 1622 307 1677 verba
326 1619 483 1686 Penelopae
502 1631 573 1686 quae
592 1631 647 1670 non
660 1614 798 1682 maritum,
816 1613 865 1668 sed
885 1613 935 1668 τιν1
956 1615 1113 1668 τέοανύτων
1132 1624 1242 1669 κτεῖναι
1260 1619 1421 1689 μνηστῆρας

222 1709 351 1781 ύγαυούς
365 1708 419 1777 (63)
437 1704 532 1773 credit,
551 1703 717 1770 interpretes
734 1702 855 1769 graviter
873 1709 1066 1770 exercuerunt3
1086 1703 1138 1756 νῦν
1158 1703 1188 1757 δὲ
1208 1702 1291 1764 ιύίως
1313 1709 1361 1759 tut
1379 1726 1421 1759 του

222 1796 330 1850 ελύέναι
348 1795 543 1866 παρείληπται’
563 1794 621 1844 ἐστὶ
641 1789 698 1860 γὰρ
718 1792 783 1844 duri
809 1790 859 1844 τοῦ
886 1791 1043 1860 φυλάσσειν
1067 1796 1114 1843 καὶ
1141 1791 1241 1860 σρλζειν
1266 1794 1323 1860 Ap.
1344 1792 1421 1861 Soph.

222 1889 270 1950 ot,
289 1887 335 1951 30,
360 1896 475 1950 qnorum
494 1876 563 1931 illud
589 1876 725 1941 (ελύέναι)
750 1877 905 1932 sententiae
930 1876 1104 1933 satisfaceret
1128 1878 1179 1933 hoc
1203 1879 1360 1936 absurdum
1378 1891 1421 1938 est

220 1969 341 2025 Verbum
360 1962 454 2024 notum
474 1971 607 2036 εἴρυσθαι
630 1981 652 2019 s.
672 1966 804 2036 εἰρύοοαι
829 1964 857 2019 in
882 1965 935 2020 hoc
960 1967 1158 2021 sententiarum
1183 1981 1314 2023 connexu
1340 1969 1420 2024 locun

221 2075 276 2114 non
295 2058 397 2112 habere
416 2072 467 2125 ego
491 2054 600 2122 quidem
626 2052 718 2108 nullus
745 2051 853 2119 dubito;
882 2053 947 2120 quid
974 2061 1120 2120 expectare
1146 2054 1245 2123 liceat,
1274 2055 1378 2124 discas!
1393 2072 1420 2111 er

222 2145 335 2202 Pindari
354 2145 456 2199 Paean.
476 2141 557 2209 frgm.
578 2145 654 2208 61,ss
681 2143 715 2194 ού
739 2140 795 2214 γὰρ
822 2141 882 2194 ἔσθ’
908 2135 985 2201 ὅπως
1005 2141 1039 2195 τὰ
1060 2143 1136 2197 θεῶν
1153 2144 1329 2212 βουλεύματ’
1348 2149 1418 2219 ἐρευ-

222 2235 308 2289 νύσαι
326 2237 428 2303 μροτέη
447 2235 541 2303 poert.
571 2226 704 2281 Notiones
723 2227 868 2281 verborum
887 2229 955 2301 έρέω
975 2237 1004 2282 et
1018 2231 1142 2303 έρευνύω
1162 2229 1197 2284 ab
1217 2230 1319 2285 eodem
1339 2235 1418 2300 capio

222 2320 407 2376 derivatorum
432 2316 504 2370 iuter
528 2329 557 2368 se
582 2311 657 2367 haud
682 2313 762 2381 longe
788 2314 906 2383 distant;
932 2314 966 2373 cf.
986 2318 1084 2392 έξερέω
1103 2342 1132 2362 ω
1152 2319 1313 2390 έξερευνύω
1335 2321 1419 2373 3333.

221 2430 237 2482 ρ
258 2412 316 2461 133.
354 2405 451 2459 Utrum
476 2400 628 2470 perfectum
651 2400 705 2454 rite
724 2398 873 2455 formatum
892 2402 940 2456 sed
959 2404 1092 2472 exemplis
1116 2405 1281 2459 destitutum
1302 2409 1417 2481 η’ρύσοατ

221 2495 289 2563 (ratl.
308 2497 382 2567 έρευ,
401 2496 463 2563 έρυ;
492 2489 527 2547 cf.
547 2508 611 2558 τευχ
630 2489 778 2559 τέτυγμαι)
803 2504 839 2542 an
857 2489 970 2558 volgare
994 2497 1123 2564 εἴρεσθαι
1147 2491 1220 2559 (‘den
1240 2492 1418 2548 Rathschluss

221 2581 271 2637 der
289 2580 387 2637 (litter
405 2579 585 2648 erforschen')
605 2586 704 2648 poetae
723 2577 891 2633 reddendum
911 2579 954 2646 sit,
973 2578 1092 2645 ambigo.

290 2674 310 2734 ²)
329 2667 478 2722 Occasione
505 2675 601 2734 sponte
626 2665 720 2720 oblata
744 2665 986 2734 interpolationem
1011 2680 1080 2733 qnae
1109 2664 1199 2720 adhuc
1226 2668 1303 2722 viros
1332 2668 1417 2722 doctos

219 2757 351 2813 fefellisse
368 2757 477 2810 ridetur
495 2754 583 2810 obiter
601 2754 761 2822 patefacere
780 2753 868 2808 liceat.
907 2775 938 2828 τρ
962 2746 1035 2821 apud
1057 2753 1207 2807 Homerum
1232 2769 1346 2823 semper
1367 2756 1417 2809 iere

218 2843 341 2898 vocalem
373 2842 579 2897 antecedentem
607 2841 741 2908 positione
770 2841 911 2909 producit:
950 2843 1131 2915 Ἀμφιτρύων
1160 2843 1292 2915 έτρύφην
1324 2846 1416 2916 τετρύ-

218 2935 317 2992 κυκλος
344 2948 361 2986 a
387 2931 550 2985 necessitate
579 2930 693 2985 metrica
720 2930 924 2984 excusationem
953 2928 1071 2996 habent,
1099 2931 1246 3003 α’λλότριος
1271 2935 1417 3004 Εἰρέτρταν

219 3026 242 3073 Β
262 3025 310 3072 537
333 3034 349 3072 a
370 3041 379 3071 ι
401 3017 503 3072 vocalis
523 3025 624 3072 natura
642 3018 751 3082 (Murro
775 3018 847 3071 hom.
868 3034 1008 3086 grammar
1026 3020 1099 3086 334);
1123 3017 1233 3093 τιτὶτρὸς
1251 3025 1277 3075 Ζ
1298 3027 1350 3074 433
1368 3020 1416 3075 ian

219 3105 322 3160 dudum
350 3105 507 3160 coniectura
535 3104 672 3172 probabili
701 3104 840 3160 sublatum
864 3117 906 3160 est
933 3121 984 3160 neo
1008 3104 1157 3174 persuadet
1179 3106 1313 3162 Ludvich
1340 3109 1416 3164 Arist

218 3193 298 3250 Hom.
320 3192 480 3247 Textltritilc
498 3193 526 3246 ΙΙ
544 3198 594 3247 353
615 3209 672 3262 sqq.
697 3191 873 3247 traditionem
900 3192 1050 3247 defendens
1074 3191 1118 3258 (cf.
1143 3193 1262 3248 Menrad
1282 3194 1318 3251 de
1337 3203 1416 3251 contr.

218 3288 246 3333 et
265 3279 348 3349 spniz.
367 3296 419 3334 usu
437 3279 511 3333 hom.
530 3284 563 3332 35
584 3283 660 3347 not).
697 3280 788 3336 Unum
806 3287 896 3336 restat
920 3289 1060 3357 φαρέτρης
1087 3287 1109 3337 Θ
1130 3285 1181 3334 333
1201 3283 1363 3357 (τρύρτρηςῖ
1387 3280 1416 3335 cf.

218 3374 330 3440 φέρτρῳ
349 3368 425 3422 cuius
443 3366 503 3421 loco
523 3374 551 3421 Σ
566 3373 617 3422 333
636 3367 663 3421 in
684 3368 801 3424 Vindob.
820 3377 947 3443 τρερέτρρ
966 3371 1064 3434 extat).
1095 3368 1200 3422 Contra
1217 3367 1292 3422 hanc
1311 3384 1415 3424 consue·

219 3452 342 3508 tudinem
367 3469 449 3522 quam
472 3453 500 3506 in
525 3454 608 3508 verbo
632 3453 769 3522 frequenti
796 3459 904 3528 ὀτρύνω
928 3461 1028 3524 poetae
1053 3456 1153 3522 ubique
1177 3463 1310 3510 secuntur
1328 3464 1417 3526 peccat

218 3540 365 3596 historiola
384 3541 417 3595 de
437 3540 583 3610 Iphitionis
601 3542 685 3596 caede
709 3559 780 3610 quae
804 3549 833 3596 13
859 3543 981 3600 versibus
1007 3542 1159 3598 absolvitur
1181 3542 1225 3598 vel
1248 3551 1305 3599 ter:
1333 3554 1357 3601 Υ
1372 3548 1416 3598 383

218 3628 323 3683 ἐσθλὸν
341 3629 549 3702 Ὀτρυντεύύην,
574 3634 624 3681 384
644 3635 705 3694 νηὶς
724 3632 881 3703 Ὀτρυντῆι,
906 3638 956 3686 389
980 3642 1072 3686 κεῖσαι
1095 3632 1281 3700 Ὀτρυντεΐδη.
1321 3633 1416 3687 Versus

218 3715 259 3770 vel
279 3717 331 3771 hac
356 3715 390 3769 de
414 3731 497 3770 causa
521 3715 736 3781 suspectissimos
757 3747 788 3754 —
809 3732 897 3786 neque
922 3717 993 3772 enim
1022 3723 1094 3773 recte
1120 3718 1276 3772 nominibus
1302 3719 1416 3788 propriis

217 3803 245 3856 in
264 3803 307 3857 his
326 3803 408 3858 rebus
433 3803 504 3856 citra
528 3804 719 3857 necessitatem
744 3806 875 3859 maiorem
900 3805 1039 3860 licentiam
1065 3804 1198 3861 concedas
1217 3836 1251 3845 —
1270 3806 1423 3875 interpolat

217 3890 284 3943 toris
305 3907 363 3944 esse
381 3890 462 3944 fidem
481 3889 550 3942 facit
569 3905 667 3943 nomen
691 3892 743 3945 viri
768 3891 847 3948 fortis
866 3909 946 3961 quem
968 3892 1088 3948 Achilles
1112 3893 1200 3948 altero
1220 3895 1280 3949 loco
1300 3894 1417 3949 trucidat

217 3993 241 4029 v.
261 3981 312 4030 335
332 3980 530 4045 Δημολέοντα,
558 3976 631 4044 quod
659 3994 712 4030 nou
741 3979 821 4034 modo
849 3982 964 4036 eandem
992 3998 1074 4051 quam
1099 3984 1239 4052 Ἰφιτίωνα
1264 3998 1416 4038 mensuram

218 4064 319 4131 explet,
338 4081 430 4118 verum
450 4064 532 4118 etiam
552 4064 668 4118 eandem
687 4081 780 4121 versus
794 4068 887 4122 sedem
906 4070 1021 4136 obtinet,
1040 4078 1071 4124 ut
1090 4069 1168 4124 nulla
1187 4068 1248 4124 fere
1266 4073 1416 4126 mutatione

167 4152 168 4155 ’
217 4165 311 4204 vernus
325 4156 375 4204 335
389 4166 446 4218 sqq.
459 4149 533 4210 tinde
547 4167 564 4204 a
576 4151 709 4206 vocabulo
722 4156 915 4224 Δημολέοντα)
929 4159 1017 4211 reram
1032 4161 1081 4210 383
1095 4157 1259 4211 continuare
1272 4159 1416 4225 possimus:

218 4238 333 4305 πρῶτον
353 4236 379 4290 d'
397 4238 440 4292 ἓλε
459 4241 531 4304 1383)
549 4242 730 4308 Δημολέοντα
749 4241 821 4308 (335)
847 4243 949 4298 έσύλὸν
969 4245 1123 4314 aasentias
1141 4245 1236 4313 μα’χης
1255 4247 1416 4318 Ἀντήνορος

219 4325 282 4377 υἱόν
301 4327 361 4392 (396
381 4325 528 4395 spurius?),
548 4327 631 4389 νύξας
651 4327 706 4382 κάκ
725 4331 870 4402 κρόταφον
889 4335 944 4385 κτλ.
965 4335 1039 4401 (3973
1059 4332 1123 4390 νύξε
1137 4331 1206 4385 κατὰ
1222 4352 1265 4407 κρ.
1279 4331 1368 4400 codd,
1386 4330 1416 4385 de

218 4418 358 4467 structura
378 4412 411 4470 cf.
432 4418 458 4466 E
479 4418 548 4483 145).

288 4501 308 4567 8)
328 4503 420 4594 ηἐλέορ
440 4508 636 4574 τετραμμένου
656 4501 714 4555 fere
733 4503 852 4559 editores
871 4509 985 4560 auctore
1003 4506 1164 4559 Hermanno
1183 4505 1270 4576 Orph.
1291 4515 1350 4565 753.

357 4593 411 4639 ‘2³⁸
436 4609 522 4647 '⁶⁰.⁸·
548 4595 595 4644 J:
