2956 5040
607 217 845 284 -273-

218 403 262 471 Τὰ
286 407 361 491 περὶ
385 404 458 485 τοὺς
480 405 643 497 Ἀλῳάδας
666 415 710 498 τῷ
734 413 850 498 ποιητῇ
878 411 1190 496 παρατετολμημένα
1214 415 1323 478 autem

127 547 168 555 -
202 515 239 576 ut
272 510 321 576 ait
352 511 668 595 Pseudo-Longinus
706 514 781 597 περὶ
816 511 924 595 dolove
959 530 1074 580 versus
1103 521 1120 578 λ
1150 517 1224 581 315.
1259 519 1324 583 316

125 613 263 682 innuens

299 706 403 760 Ὄσσαν
423 703 466 758 ἐπ’
487 704 634 775 Οὐλύμπῳ
651 709 789 774 μέμασαν
808 708 911 772 θέμεν,
931 703 1022 777 αὐτὰρ
1042 703 1086 758 ἐπ’
1100 707 1183 782 Ὄσσῃ

303 792 416 855 Πήλιον
435 794 642 861 εἰνοσίφυλλον,
662 791 700 845 ἵν’
720 790 839 861 οὐρανὸς
860 792 989 862 α’μβατὸς
1008 800 1050 860 εἴη

127 894 167 923 ’-
191 878 410 961 expungenda
433 883 519 960 sunt,
544 883 658 961 utpote
681 897 766 960 quae
789 898 861 946 cum
885 889 902 946 λ
925 883 989 947 313
1013 899 1060 961 sq.

363 985 394 1037 οἵ
413 985 447 1058 ῥα
466 989 512 1037 καὶ
533 985 727 1039 ιλύανύιοιοιν
747 987 900 1053 οἶπειλύπον
919 991 950 1042 ἐν
969 990 1098 1059 Ὀλύμπῳ

361 1071 510 1140 φυλόπιδα
528 1071 642 1137 στήσειν
660 1075 817 1133 πολυάικος
835 1078 975 1142 πολέμοιο

124 1177 190 1224 non
220 1160 303 1224 bene
333 1159 495 1245 coeant.¹)
540 1160 624 1226 Nam
655 1162 710 1242 qui
736 1162 857 1229 Ὄσσαν
892 1164 941 1229 ἐπ’
980 1162 1139 1253 Οὐλύμπῳ
1171 1165 1325 1246 μέμασαν

126 1265 233 1347 θέμεν,
260 1262 364 1349 αὐτὰρ
388 1263 437 1330 ἐπ’
464 1264 564 1356 Ὄσσῃ
594 1265 737 1352 Πήλιον,
769 1266 812 1331 ἵν’
845 1266 980 1352 οὐρανὸς
1011 1267 1157 1351 ἀμβατὸς
1187 1269 1237 1355 εἴη
1268 1288 1324 1335 eos

125 1375 379 1437 consentaneum
414 1376 466 1437 est
499 1390 642 1454 pugnam
677 1390 748 1438 cum
783 1371 852 1438 dem
888 1371 971 1438 inire
1005 1372 1149 1439 voluisse
1184 1373 1218 1439 in
1251 1374 1324 1455 ipso

127 1473 251 1564 οὐρανῷ
294 1474 341 1560 (in
380 1476 466 1541 hanc
503 1481 631 1557 partem
667 1476 764 1541 Plato
802 1475 941 1542 fratrum
978 1476 1118 1542 immane
1158 1478 1324 1544 consilium

126 1579 253 1661 accepit
275 1579 423 1663 Sympos.
451 1580 560 1646 19οΒ.
595 1581 614 1645 ἃ
644 1582 727 1666 λέγει
745 1579 885 1666 Ὅμηρος
916 1581 990 1666 περὶ
1013 1579 1181 1668 Ἐφιάλτου
1214 1609 1248 1648 τε
1271 1583 1326 1648 καί

121 1684 235 1764 Ὤτου,
268 1685 303 1752 τὸ
328 1688 372 1762 εἷς
401 1684 456 1751 τὸν
480 1685 616 1770 ούρανὸν
645 1686 805 1769 ἀνάβασιν
827 1687 1002 1769 ἐπιχειρεῖν
1032 1699 1151 1766 ποιεῖν,
1183 1686 1225 1765 ὥς
1255 1691 1324 1753 ἐπι-

126 1791 317 1877 θησομένων
360 1801 428 1868 τοῖς
472 1797 560 1868 θεοῖς
597 1810 703 1871 neque
746 1790 916 1871 quiequam
954 1790 1052 1856 aliter
1089 1791 1226 1872 accipiet
1263 1791 1326 1856 nisi

126 1895 329 1978 argutiarum
353 1895 533 1981 captator),
558 1913 622 1960 non
646 1900 756 1960 tamen
781 1896 944 1980 φυλόπιδα
968 1903 1090 1984 στῆσαι
1112 1902 1147 1963 ἐν
1169 1896 1323 1984 Ὀλύμπῳ.

127 2001 249 2066 Versus
272 2008 290 2064 λ
313 2001 376 2065 315
400 2017 459 2080 sq.‚
488 2018 569 2078 quos
591 1999 656 2064 iam
680 2005 759 2064 ante
782 1999 920 2065 Pindari
942 2007 1086 2067 aetatem
1109 2001 1325 2083 interpolatos

126 2123 199 2170 esse
221 2102 395 2189 constan),
419 2103 490 2170 sine
513 2104 698 2170 sententiae
722 2104 840 2169 damno
864 2103 951 2169 demi
972 2084 1120 2187 possunt.

212 2207 309 2273 Adde
338 2207 472 2273 Hesiod.
502 2208 669 2290 Theogon.
700 2211 763 2274 953
798 2211 832 2274 ἐν
865 2205 1026 2297 Οὐλύμπῳ
1061 2205 1204 2294 νιφόεντι
1238 2210 1326 2290 quod

125 2310 246 2393 legitur
267 2311 301 2377 in
324 2311 476 2378 carminis
498 2311 645 2378 hesiodei
667 2313 848 2393 appendice
870 2311 1053 2378 recentiore
1077 2317 1112 2377 et
1133 2312 1227 2395 irgm.
1252 2317 1324 2396 109,

127 2415 211 2481 illa.
229 2416 270 2482 de
291 2416 382 2483 cuius
397 2421 508 2483 aetate
524 2416 604 2481 nihil
627 2422 826 2499 compertum
843 2417 948 2483 habeo
972 2414 1043 2501 (ὐπ’
1064 2415 1241 2499 Οὐλύμπου
1265 2418 1324 2503 δὲ).

212 2521 308 2605 Quod
331 2521 441 2602 paullo
464 2521 664 2586 recentiores
687 2522 844 2603 rhapsodi
866 2521 922 2603 qui
944 2526 982 2587 ut
1004 2520 1077 2586 aliis
1099 2521 1133 2586 in
1154 2523 1252 2587 rebus
1279 2523 1326 2587 sic

125 2624 158 2689 in
187 2625 249 2689 hoc
279 2643 406 2706 qnoque
429 2627 588 2693 vocabulo
612 2632 716 2691 artem
744 2627 900 2709 legesque
924 2625 1138 2693 vetustiorum
1170 2645 1234 2692 uon
1262 2625 1326 2691 iam

126 2728 256 2810 penitus
286 2729 435 2812 cognitas
467 2730 635 2795 habebant
663 2730 885 2810 productionis
917 2749 1013 2810 quam
1046 2730 1215 2812 permultis
1246 2731 1325 2796 locis

126 2852 199 2899 sese
229 2833 476 2915 deprehendere
507 2833 723 2899 meminerant
743 2832 825 2897 fines
852 2840 1094 2918 promoverunt,
1125 2835 1205 2901 nihil
1227 2836 1328 2901 hahet

126 2936 370 3011 admirationis„
407 2937 455 3003 ef.
484 2938 582 3005 etiam
613 2938 855 3003 Batrachum
886 2936 940 3003 ὐπ’
968 2937 1159 3022 Οὐλύμπου,
1190 2939 1327 3006 Pindari

126 3044 159 3106 ἐν
196 3039 359 3130 Οὐλύμπῳ
398 3039 447 3105 Ol.
480 3040 568 3106 XIII
603 3043 660 3123 92,
693 3040 860 3122 Euripidis
895 3043 927 3119 ἐς
961 3040 1136 3125 Οὔλυμπον
1164 3043 1325 3129 (tetram.)

126 3144 222 3211 Herc.
246 3144 308 3210 fur.
334 3147 413 3225 873,
445 3136 610 3211 Theocriti
641 3144 696 3211 ὐπ’
724 3143 897 3228 Οὐλύμπου
922 3148 956 3210 dl
979 3146 1045 3212 XX
1069 3150 1110 3212 38
1135 3153 1211 3214 cett.
1237 3149 1325 3233 (Ari-

33 3241 36 3248 ’
126 3250 232 3332 stoph.
256 3248 340 3329 qul.
366 3251 386 3314 9
414 3247 588 3330 Οὐλύμπου
611 3248 734 3336 νόμον).
874 3317 876 3319 ,

57 3435 60 3440 ,
213 3353 306 3437 Quae
336 3352 558 3435 productionis
580 3352 614 3418 in
645 3353 868 3435 antispasticis
896 3354 1064 3420 adhibitae
1094 3356 1244 3437 exempla
1273 3375 1323 3422 re·

126 3457 238 3524 censui
260 3457 289 3522 si
310 3457 575 3540 perlustraveris,
600 3463 737 3539 excepto
754 3456 953 3538 Ἀπόλλωνος
976 3459 1027 3524 cui
1050 3465 1087 3524 ut
1106 3458 1228 3524 nomini
1251 3478 1323 3541 pro-

125 3561 195 3644 prio
228 3562 422 3644 praesertim
457 3581 519 3644 quo
553 3567 673 3645 poetae
708 3580 821 3628 carere
856 3583 921 3630 non
955 3562 1123 3645 potuerint
1156 3562 1324 3644 aliquanto

126 3665 199 3748 plus
220 3666 373 3733 licentiae
395 3666 491 3733 facile
514 3665 761 3748 condonamus,
787 3685 843 3733 eos
865 3667 899 3733 in
922 3667 1018 3733 huius
1034 3685 1207 3734 mensurae
1227 3686 1323 3736 voca·

124 3769 209 3837 bulis
233 3771 371 3837 eandem
394 3790 460 3839 non
483 3771 554 3838 dico
576 3772 683 3855 legem
706 3769 766 3835 sed
793 3772 1062 3847 consuetudinem
1090 3777 1221 3839 secutos
1251 3791 1324 3839 esse

124 3873 273 3943 invenies
311 3894 408 3956 quam
448 3876 482 3942 in
520 3875 719 3944 tribrevibus
759 3873 828 3940 fere
871 3876 1134 3959 observavimus,
1175 3880 1214 3943 ut
1250 3895 1323 3959 pro-

126 3978 311 4045 ductionem
335 3979 397 4046 sibi
419 3980 650 4062 permitterent
672 3980 726 4046 uhi
750 3998 963 4046 consonarum
997 3981 1237 4063 insequentium
1267 3999 1323 4047 na·

125 4088 202 4149 tura
224 4084 430 4165 productioni
452 4085 597 4153 fovebat.
636 4084 701 4152 Sed
723 4086 809 4151 hanc
832 4102 961 4166 quoque
983 4086 1251 4153 consuetudinem
1274 4092 1327 4152 est

127 4187 213 4267 quod
237 4188 355 4272 migret
378 4189 432 4275 (ci.
450 4208 534 4270 quae
558 4189 625 4256 dixi
648 4190 689 4256 de
713 4191 836 4256 πείκετε
859 4207 890 4272 p.
909 4187 1137 4274 humilesne.
1155 4189 1243 4258 Scut.
1261 4191 1324 4285 293
1374 4192 1376 4197 '

198 4329 216 4392 ¹)
235 4327 370 4384 scholii
398 4333 483 4384 tolo
507 4332 681 4386 α’ύιτοῦνται
709 4332 746 4392 ὥς
774 4331 923 4385 α’ύύναποι.
951 4327 1020 4383 αλλὰ
1049 4335 1201 4399 μέμασαν,
1227 4335 1325 4399 φησιν,

126 4414 177 4465 ovis
196 4416 337 4486 ἔπραττον
356 4417 396 4472 δέ.

197 4502 217 4569 ²)
236 4501 316 4572 Pyth.
336 4503 362 4556 X
380 4509 412 4556 tl
434 4505 584 4574 ὁχιλλιιεος
605 4504 726 4574 ούρανὸς
746 4504 844 4558 οὔποτ’
863 4504 993 4574 duploide
1012 4482 1107 4574 αύτῷ.ι

177 4598 312 4650 Schulze,
327 4601 478 4649 Quaestione·
492 4601 577 4648 opicae.
1129 4595 1167 4657 18
