2940 5026
704 158 917 223 ..gip-

299 352 432 436 ncte'yya
458 350 569 415 afletai
593 368 610 414 e
635 349 805 434 *nelp‘pao
830 346 979 429 *aelfelm
1002 351 1076 412 orta
1093 346 1251 412 exhibent
1274 347 1409 428 primam

210 454 370 538 syllabam
394 453 556 537 digamma
578 452 794 518 intermortua
818 470 836 517 e
858 451 933 535 lege
956 450 1174 533 debilitatam
1200 453 1311 529 nette}
1327 452 1409 532 quod

209 563 325 624 contra
346 560 454 641 legem
477 575 615 639 peccare
642 557 775 624 videtur
796 555 1000 638 explicatum
1029 555 1116 622 viam
1139 556 1341 625 monstravit
1363 564 1408 622 at·

208 681 272 744 que
306 663 446 730 munivit
474 662 545 744 ipse
575 661 651 727 Joh.
683 660 831 726 Schmidt
864 660 919 741 qui
954 662 1053 726 κε’λλᾰ
1089 680 1107 726 e
1139 660 1270 745 *natfja
1305 661 1408 743 repeti

208 786 305 850 posse
340 767 421 833 scite
452 765 668 850 adnotavit.¹)
712 764 842 849 *na'lfja
872 793 904 820 >
929 764 1041 849 *ndtja
1070 795 1102 823 >
1128 766 1238 832 πέλλᾰ.
1280 765 1406 850 *aalfja

96 886 97 889 ’
207 873 347 957 (hellade
370 873 494 955 *nelsr'g
509 870 638 953 (moab)
653 900 675 924 =
689 878 824 954 χλαῖναε
846 872 969 954 χλανίς,
986 870 1188 955 iocandum:
1209 872 1405 957 depanm'ff)

206 977 273 1043 Per
295 977 498 1058 aliquantum
520 973 677 1056 temporis
701 976 800 1039 πέλλᾰ
823 979 858 1039 et
873 974 979 1053 ’πελίς
1001 974 1077 1060 (hoo
1099 975 1245 1058 legitimo
1270 984 1405 1043 accentu

206 1081 415 1167 instructum)
446 1081 540 1147 iuxta
561 1080 595 1145 in
626 1098 687 1146 usu
710 1078 812 1145 fuisse
842 1078 1006 1162 suspicor,
1037 1079 1156 1146 deinde
1179 1080 1289 1159 ’πελίς
1312 1081 1406 1148 alteri

205 1186 330 1252 formae
364 1185 589 1253 assimulatum
620 1202 693 1250 csse
724 1202 886 1249 consonae
916 1183 1137 1267 geminatione
1173 1183 1224 1270 (et
1254 1191 1416 1267 accentu,

206 1291 246 1367 cf.
270 1291 413 1358 Pollucis
437 1290 582 1376 ns'tluvl)
606 1309 647 1354 ex
669 1289 726 1354 illa
749 1288 925 1371 assumptis
947 1289 1037 1355 haud
1059 1308 1154 1356 secus
1178 1309 1276 1371 quam
1301 1300 1404 1377 πλημ-

203 1394 305 1480 μῦρῖς
320 1414 339 1462 e
354 1396 513 1463 vocabulo
528 1395 615 1460 idem
631 1394 834 1477 significante
855 1394 1030 1481 πλήμμῦρα
1047 1395 1194 1462 vocalem
1210 1395 1404 1477 productam

205 1500 371 1584 accepisse
393 1519 495 1582 supra
518 1498 684 1565 docuimus
708 1496 753 1582 (p.
778 1498 823 1583 9).
854 1499 1018 1582 Analogia
1039 1499 1074 1565 in
1096 1499 1147 1565 his
1171 1502 1272 1565 πέλλα
1297 1503 1404 1579 netad

203 1606 333 1690 (πέλλις)
342 1603 465 1686 aliquid
476 1605 644 1669 turbatum
657 1620 730 1668 esse
742 1602 797 1669 vel
808 1608 944 1685 propter
952 1608 1122 1669 accentum
1131 1604 1301 1686 probabile
1311 1605 1401 1673 duco.

288 1709 401 1776 Passis
423 1715 535 1775 tamen
559 1707 657 1774 etiam
681 1707 754 1789 pari
775 1707 846 1774 iure
870 1709 1018 1774 conicere
1042 1711 1140 1775 πέλλᾶ
1164 1709 1276 1793 (etiam
1295 1713 1402 1789 πελλίς

203 1815 350 1901 natahel)
375 1814 504 1880 omnino
532 1832 698 1894 nunquam
728 1798 881 1879 habuisse
901 1835 925 1897 f
950 1815 1063 1899 (πέλλᾰ
1089 1841 1120 1868 <
1145 1814 1256 1898 *na'lja
1279 1845 1303 1870 =
1327 1823 1400 1882 scut

200 1929 277 2004 pora
308 1919 552 2005 ί1101101001),
588 1939 652 2000 qua
683 1919 871 1985 coniectura
901 1919 1090 2000 ceteroquin
1121 1919 1162 1985 de
1192 1938 1267 1985 mea
1301 1921 1398 2003 gemi-

199 2025 342 2092 nationis
377 2026 410 2091 in
445 2026 553 2102 πελλίς
583 2023 801 2106 explicatione
831 2023 910 2088 nihil
945 2029 1107 2090 mutatur:
1144 2032 1160 2088 1
1195 2023 1320 2106 duplex
1356 2026 1400 2111 (et

199 2131 384 2216 accentum)
414 2129 519 2195 traxit
547 2148 665 2195 nomen
689 2131 837 2206 nabbe
871 2146 1052 2212 synonymo
1085 2128 1202 2208 uitta,
1237 2129 1310 2196 sive
1342 2131 1399 2195 hoo

199 2236 392 2317 probaveris
416 2233 531 2321 (πέλλα
558 2265 589 2292 <
613 2233 755 2318 *ne'ljjd)
779 2232 850 2309 Sive
872 2231 952 2297 illud
977 2231 1092 2317 (πέλλα
1117 2260 1149 2289 <
1173 2233 1311 2319 *na'ljah

282 2341 394 2406 Redeo
425 2341 468 2406 ad
494 2341 706 2422 propositum.
760 2339 925 2422 Quattuor
955 2356 1039 2417 quae
1068 2357 1100 2419 p.
1132 2341 1173 2404 ’18
1204 2345 1396 2405 enumerata

197 2444 315 2510 deinde
345 2451 461 2510 eontra
484 2444 628 2511 virorum
658 2444 826 2508 doctorum
854 2442 909 2522 qui
932 2442 1029 2508 aliter
1058 2442 1205 2508 sentiunt
1227 2442 1395 2524 opiniones

195 2549 281 2614 tueri
315 2549 427 2614 studui
455 2526 583 2614 indiciis
618 2548 668 2614 nsi
702 2567 788 2613 nunc
823 2548 984 2633 vocabula
1017 2547 1181 2613 homerica
1214 2567 1301 2627 qnae
1336 2550 1394 2615 huo

194 2653 362 2734 pertinent
384 2673 481 2734 quam
504 2653 645 2719 maxime
667 2671 840 2734 possumus
864 2640 972 2718 omnia
999 2670 1244 2719 recenseamus:
1280 2653 1331 2719 ita
1361 2659 1395 2718 nt

195 2757 403 2840 seiungamus
427 2777 448 2823 a
471 2756 590 2822 ceteris
614 2774 671 2821 eas
695 2756 927 2823 vocabulorum
949 2755 1087 2838 formas,
1120 2773 1202 2836 quas
1230 2756 1295 2822 nisi
1322 2776 1392 2839 pro-

195 2860 346 2926 ductione
377 2861 525 2944 syllabae
553 2859 700 2925 adhibita
730 2878 847 2927 versus
876 2878 941 2925 non
969 2858 1114 2925 admittit
1143 2858 1251 2944 (velut
1280 2888 1392 2948 κουρο-

194 2967 318 3051 τέροισι
342 2965 489 3052 ξεινήια),
515 2984 573 3031 suo
590 2984 752 3046 quamque
767 2965 838 3030 loca
853 2964 887 3030 in
908 2965 1050 3048 paginae
1073 2965 1162 3031 calce
1185 2965 1390 3034 subicientes.

399 3158 439 3222 A.
487 3184 517 3220 α.
546 3154 889 3236 inscriptionum
919 3155 1179 3222 testimonia.

280 3301 308 3362 1.
344 3296 438 3381 Quod
473 3296 726 3378 postulaverant
758 3294 919 3360 Auufrecht
949 3293 1031 3378 (KZ.
1059 3295 1077 3359 Ι
1109 3297 1184 3377 120)
1215 3295 1299 3362 Ebel
1334 3298 1388 3383 (ia.

189 3402 238 3468 IV
265 3404 345 3484 342,
376 3402 413 3487 4)
449 3400 558 3465 Christ
593 3400 787 3484 (Lautlehre
824 3402 900 3480 278)
936 3399 1101 3482 digamma
1139 3402 1323 3483 comparuit
1357 3403 1387 3468 in

188 3506 284 3572 titulo
300 3506 379 3573 Call.
397 3507 461 3571 373
477 3504 621 3590 adasa.³)
639 3504 707 3570 dor.
724 3509 826 3589 κῶρος
848 3502 971 3588 adast)
987 3503 1027 3568 G.
1044 3503 1177 3588 Μθγθῐ2
1193 3503 1272 3591 §db
1288 3526 1319 3588 p.
1337 3509 1386 3574 90.

187 3665 372 3718 accusativum
392 3663 577 3717 instrumenta
593 3660 672 3728 coqui
690 3674 835 3715 recensens
853 3658 953 3713 Pollux
966 3658 992 3711 X
1008 3665 1057 3714 lob
1076 3660 1198 3730 adhibet,
1217 3661 1386 3719 intellectum

186 3751 354 3819 ignoramus.
391 3750 493 3808 πέλλιξ·
513 3752 618 3824 κράνος
636 3747 754 3817 Hesych.
773 3748 801 3801 in
820 3755 939 3801 mentem
957 3754 1037 3801 vacat
1056 3748 1227 3802 notissimum
1246 3753 1343 3818 πήληξ.

259 3840 277 3907 1)
296 3843 383 3893 ualle
403 3860 435 3888 <
454 3842 557 3909 *uulsa
575 3837 733 3892 Johansson
751 3836 808 3892 ΚΖ.
828 3836 907 3890 XXX
926 3842 976 3890 405
994 3851 1150 3905 perperam.

256 3928 278 3994 ¹)
297 3923 409 3979 Lobeck
428 3925 530 3979 Parall.
549 3931 610 3979 451.
646 3923 803 3978 Johansson
821 3923 839 3976 l.
859 3923 876 3976 l.
895 3930 955 3980 401.

255 4012 453 4084 8)10(1.κορε,
479 4012 518 4066 lit.
537 4014 618 4066 scorti
641 4026 767 4080 pascere,
795 4018 826 4066 ut
850 4013 950 4084 aedpfoc
976 4013 1054 4068 initio
1079 4013 1164 4069 fllium
1190 4015 1384 4082 significaverit

184 4098 230 4167 qui
250 4105 364 4166 epatre
383 4098 484 4153 vietum
503 4099 603 4167 accipit
621 4108 670 4153 aut
688 4099 734 4167 qui
753 4116 770 4155 a
793 4108 883 4155 matre
909 4101 1036 4156 nutritur.
1073 4102 1179 4157 Inscius
1203 4104 1383 4176 veriloquium

183 4185 305 4253 perbene
322 4184 447 4241 illustrat
464 4186 602 4244 Theocrit.
622 4186 704 4240 XXII
725 4193 773 4240 lot

398 4277 471 4328 ἔνθα
490 4276 573 4347 κόραι
592 4283 739 4330 zonarum
759 4276 814 4330 alud
833 4282 996 4351 σφετέροισι
1016 4284 1176 4349 τρέφονται.

253 4361 274 4429 ⁴)
292 4361 435 4433 Κουρῆτες
453 4360 488 4415 de
506 4377 621 4430 quorum
640 4364 750 4417 nomine
762 4363 830 4416 mihi
849 4363 918 4417 nihil
934 4372 1104 4432 compertum
1123 4375 1165 4422 est
1176 4382 1193 4423 a
1206 4367 1382 4428 Cretensibus

185 4448 314 4522 Κωρῆτες
333 4448 462 4503 dicuntur
480 4448 583 4504 asueri
601 4466 641 4507 nr.
665 4455 722 4518 111,
742 4457 781 4504 14.
