2956 5040
675 189 912 253 -184-

192 381 280 446 Nota
317 398 337 443 a
374 382 492 447 Plauto
534 400 663 463 quoque
701 379 880 446 adhibitum
922 379 1115 461 perfectum
1146 377 1236 459 quod
1278 383 1397 442 uocant

193 484 382 551 historicum
406 486 527 551 aoristo
550 485 704 551 hesiodeo
732 499 860 570 γείνατο
884 488 1038 550 accurate
1062 482 1280 564 respondens.
1327 479 1394 546 Ser·

195 594 273 655 vato
303 607 413 655 rerum
443 588 556 655 ordine
587 595 622 655 et
650 608 793 671 conexu,
825 589 935 671 priore
965 591 1091 654 tantum
1124 585 1330 653 narrationis
1359 585 1396 650 de

195 693 395 760 Alcumenae
423 713 494 761 oum
518 694 635 760 marito
660 700 695 760 et
715 694 802 760 Jove
832 694 1024 760 commercio
1048 698 1148 775 atque
1178 689 1304 774 duplici
1327 709 1395 756 con·

196 798 345 880 ceptione
368 802 464 880 parte
479 797 512 862 in
536 796 668 864 brevius
688 802 859 863 contracta
875 797 990 863 eadem
1013 797 1055 862 de
1069 795 1230 862 iratribus
1252 793 1397 878 gemellis

196 903 351 986 legtmtur
374 902 479 968 altero
502 900 594 968 Souti
615 901 686 967 loco
711 901 779 985 (vv.
805 905 846 968 86
870 901 955 988 sqq.)
980 901 1034 983 qui
1057 901 1104 967 sio
1126 899 1295 983 procedit:

407 1027 455 1088 ζῶε
476 1025 501 1078 δ’
521 1027 715 1096 ιίγαλλόμενος
734 1021 788 1078 σὺν
806 1025 937 1097 έυσᾳιύρῳ
957 1025 1127 1096 Ἠλεκτρῶνη

406 1104 544 1187 ᾗάλόγῳ·
565 1116 637 1183 τάχα
657 1113 780 1183 δ’άμμες
800 1115 1045 1181 ἐπιπλομένων
1065 1111 1234 1165 ἐνιαυτῶν
1268 1151 1272 1158 .

407 1199 592 1269 γεινόμεθ’
613 1203 677 1253 οὔτε
696 1199 772 1269 φυὴν
792 1201 947 1267 ἐναλίγκιοι
968 1200 1031 1251 οὔτε
1051 1198 1155 1266 νόημα,

406 1289 456 1346 σός
475 1307 504 1341 τε
525 1284 615 1355 πατὴρ
639 1293 685 1340 καὶ
706 1288 770 1357 ἐγώ.

200 1395 310 1460 Verba
337 1398 415 1459 sunt
445 1391 595 1457 Herculis
618 1391 749 1457 Jolaum
779 1389 1014 1471 compellantis.
1060 1390 1124 1456 Hic
1151 1410 1284 1473 quoque
1312 1393 1398 1460 verbi

199 1499 337 1565 formam
360 1518 420 1581 pro
443 1497 609 1562 aoristo
632 1502 669 1563 ut
689 1495 895 1577 accipiamus,
920 1496 1040 1562 suadet
1055 1496 1208 1580 analogia
1232 1498 1398 1579 utriusque

199 1603 262 1669 loci
292 1622 393 1684 supra
421 1600 586 1682 exscripti.
633 1600 692 1666 (lui
722 1598 897 1681 suspicioni
924 1619 984 1681 per
1014 1619 1050 1665 se
1080 1601 1297 1669 vehementer
1319 1624 1397 1670 oom-

200 1706 375 1773 mendabili
400 1705 526 1772 accedit
548 1704 624 1771 inde
651 1703 818 1784 aliquanto
842 1704 916 1785 plus
944 1704 1195 1787 probabilitatis
1219 1708 1308 1788 quod
1333 1707 1400 1772 aliis

202 1812 339 1878 aliorum
361 1810 440 1876 locis
464 1809 621 1874 similibus
637 1828 658 1875 a
680 1807 787 1889 poetis
803 1808 959 1873 aoristum
977 1814 1170 1890 usurpatum
1186 1810 1400 1878 inveniemus.

201 1916 331 1983 Primus
360 1916 501 1998 prodeat
522 1913 659 1979 Hesiodi
688 1913 857 1995 personati
880 1932 1011 1981 versum
1039 1933 1097 1979 suo
1126 1914 1230 1996 ipsius
1255 1918 1401 2000 exemplo

201 2022 426 2088 illustraturus
449 2019 610 2103 gentinus
626 2018 790 2084 Hesiodus
806 2019 896 2084 cuius
920 2025 997 2085 sunt
1011 2018 1044 2085 hi
1059 2039 1175 2087 versus
1192 2021 1401 2106 Theogoniae

203 2127 282 2210 (183
306 2125 406 2212 sqq.):

376 2243 459 2301 ὅσσαι
478 2246 534 2319 γὰρ
554 2247 736 2320 ῥαθάμιγγες
756 2248 925 2301 α’πέσσυθεν
944 2249 1143 2317 αλματόεσσαι,

376 2338 472 2396 πάσας
493 2336 591 2395 δέξατο
610 2340 688 2391 Γαῖα.
707 2339 974 2411 περιπλομένων
994 2337 1018 2389 δ’
1038 2338 1207 2391 ἐνιαυτῶν

378 2421 504 2492 γείνατ’
523 2423 631 2495 Ἐρινῦς
650 2442 678 2477 τε
698 2421 836 2497 κρατερὰς
854 2426 998 2495 μεγάλους
1018 2445 1046 2479 τε
1066 2428 1211 2495 Γίγαντας.

204 2528 368 2610 Sequatur
398 2527 538 2592 alterum
568 2526 713 2592 eiusdem
736 2527 920 2609 exemplum
951 2533 985 2593 et
1013 2527 1119 2610 ipsum
1149 2547 1214 2594 non
1246 2532 1403 2598 absonum

204 2635 245 2700 ab
268 2633 437 2713 hecquae
460 2630 570 2713 agitur
593 2631 785 2712 quaestione
809 2632 975 2715 Theogon.
1002 2636 1063 2699 188
1087 2652 1175 2715 sqq:

413 2753 507 2821 μήδεα
526 2752 552 2805 δ’
572 2754 608 2812 ῶς
627 2752 658 2806 τὸ
677 2755 791 2822 πρῶτον
811 2754 959 2827 τίποτμηξη
979 2754 1128 2824 άδάμαντι

415 2839 531 2910 κάββαλ’
550 2839 600 2894 (ἔπ’
621 2842 750 2914 η’πείροιο
769 2842 951 2912 πολυκλύστῳ
971 2845 1013 2897 ivl
1033 2844 1139 2914 πόντῳ,

414 2923 451 2985 ῶς
469 2926 563 2996 φέρετ’
583 2924 625 2996 άμ
645 2930 768 2997 πέλαγος
788 2928 893 2987 πολλὸν
908 2930 1026 3002 χρόνον,
1046 2932 1125 3001 άμφὶ
1146 2931 1175 2984 di
1196 2930 1295 2992 λευκὸς

414 3011 508 3083 οἶφρὸς
527 3015 578 3067 οίπ’
598 3016 749 3068 άθανάτου
764 3015 851 3086 χροὸς
871 3019 986 3088 ὤρνυτο·
1008 3017 1045 3088 τῷ
1065 3017 1091 3071 (λ’
1111 3020 1152 3072 ίνι·
1173 3019 1260 3093 κου’ρη

416 3104 555 3173 ἐθρέφθη.

205 3206 316 3273 Etiam
331 3205 465 3287 propius
481 3207 642 3273 accedunt
657 3208 700 3273 ad
716 3206 807 3273 Sonti
821 3208 965 3275 locorum
981 3208 1224 3277 similitudinem
1237 3212 1405 3298 Theogou.

206 3313 249 3378 56
272 3330 341 3393 sqq.

415 3418 497 3470 ἐννέα
516 3418 572 3489 γάρ
592 3419 619 3470 ολ
638 3407 740 3476 νύκτας
760 3420 893 3487 ἐμίσγετο
911 3425 1029 3486 μητίετα
1047 3417 1129 3481 Ζεύς·
1374 3431 1406 3480 56

415 3503 473 3558 αλλ’
492 3499 538 3559 ὅτε
558 3505 591 3571 (λη’
612 3505 634 3580 ῥ’
655 3503 785 3565 ἐνιαυτὸς
804 3508 862 3571 έην,
881 3512 947 3580 περὶ
969 3506 994 3559 d'
1014 3510 1139 3583 ἔτραπον
1159 3498 1240 3582 ῶραι,
1375 3518 1407 3566 58

414 3591 429 3659 η’
450 3592 474 3644 d
493 3592 562 3647 ἔτεκ’
582 3596 665 3647 ε’ννέα
683 3595 789 3666 κούρας
809 3595 984 3664 ὁμόφρονας.
1374 3606 1406 3654 60

205 3700 288 3765 Post
309 3700 489 3766 Hesiodum
512 3700 555 3765 ad
578 3718 695 3766 nomen
718 3700 897 3781 respondet
918 3699 1083 3766 Pindarus
1106 3701 1205 3785 Pyth.
1221 3702 1258 3768 Π
1276 3705 1320 3769 45
1336 3724 1405 3786 sqq.

206 3809 343 3871 vocatus
378 3803 421 3869 ad
450 3802 689 3885 testimonium,
724 3802 820 3869 testis
855 3808 965 3868 tamen
1001 3809 1137 3885 propter
1168 3805 1406 3875 intricatiorem

206 3908 444 3974 sententiarum
460 3926 617 3973 conexum
633 3906 775 3973 fortasse
791 3906 896 3973 minus
911 3907 1105 3975 luculentus.
1135 3910 1269 3978 Favent
1283 3913 1406 3985 aoristo

206 4031 303 4093 porro
320 4012 444 4093 aliquot
458 4013 593 4079 Homeri
616 4031 744 4094 quoque
767 4011 964 4078 dubitationi
985 4032 1049 4078 uon
1066 4015 1196 4081 obnoxii
1215 4016 1279 4083 loci
1295 4026 1327 4083 Z
1345 4022 1405 4085 198

414 4133 585 4207 Λαοδαμείῃ
604 4136 661 4204 μὲν
680 4134 851 4203 παρελέξατο
869 4140 988 4203 μητίετα
1007 4136 1091 4198 Ζεύς,

185 4290 187 4294 Α
416 4219 432 4287 λη’
451 4219 477 4272 δ’
496 4221 564 4276 ἔτεκ’
584 4224 721 4276 α’ντίθεον
740 4224 914 4298 Σαρπηδόνα
931 4225 1168 4298 χαλκοκορυστήν.

212 4310 324 4374 uano
1018 4391 1021 4397 ,

415 4399 496 4469 ἵππῳ
516 4397 542 4450 δ’
561 4400 713 4468 εἰσάμενος
732 4400 904 4470 παρελέξατο
924 4407 1103 4476 κυανοχαίτῃ·

415 4488 447 4539 αἳ
466 4485 492 4538 d'
510 4487 728 4557 ὑποκυσάμεναι
748 4490 844 4541 ἔτεκον
865 4488 915 4540 do'o
934 4494 980 4541 καὶ
1002 4489 1069 4543 δέκα
1091 4490 1212 4550 πῶλους.
