2956 5018
674 206 914 269 ..442-

196 394 251 475 qni
279 394 443 459 hodiernis
472 393 680 460 Mcorouera'o
708 395 729 458 i.
758 413 785 461 e.
819 395 1118 460 ‘Schwarzwasser’
1150 395 1287 475 dicitur,
1321 397 1392 462 olim

195 498 295 563 multo
323 496 558 578 significantius
583 499 729 564 ‘Wasser
755 499 813 564 des
837 499 1016 564 Grauseus’
1025 499 1050 582 ¹)
1081 499 1261 564 dicebatur.
1310 501 1390 565 Nam

197 601 273 678 στύξ
297 601 440 686 (meyde)
471 601 557 682 quod
587 607 703 683 postea
729 601 893 668 intercidit
920 621 1037 668 nomen
1069 602 1214 668 radicale
1245 608 1280 668 et
1309 604 1393 670 iuste

195 705 350 788 iactum')
374 705 462 771 etin
490 705 552 771 hac
579 725 615 770 re
638 706 857 788 aptissimum,
889 727 952 788 quo
983 707 1024 773 de
1048 706 1190 783 dubitari
1220 726 1286 772 non
1318 709 1394 774 sinit

195 810 323 892 Polyhii
352 809 490 875 Arcadis
521 809 740 876 testimonium
774 810 1077 893 locupletissimum,
1115 812 1161 876 IV
1192 814 1252 891 21,
1289 815 1303 875 1
1338 812 1393 896 τὴν

197 919 259 978 τῶν
281 912 372 1000 ἠθῶν
395 911 576 998 αὐστηρίαν
598 912 668 999 ἥτις
691 912 803 992 αὐτοῖς
819 914 1030 999 (Arcadibus)
1056 916 1235 999 παρέπεται
1259 913 1314 979 διὰ
1339 914 1394 1000 την

197 1024 254 1085 τοῦ
270 1019 474 1102 περιέχοντος
495 1018 687 1103 ψυχρότητα
710 1019 765 1084 καί
781 1018 1045 1105 στυγνότητα
1071 1018 1129 1106 την
1143 1019 1226 1084 κατὰ
1251 1018 1288 1085 τό
1307 1030 1392 1086 πλεῖ-

197 1149 274 1188 στον
296 1126 329 1187 ἐν
352 1134 420 1199 τοῖς
451 1121 560 1199 τόποις
588 1122 844 1208 ὑπάρχουσανθ)
888 1125 1013 1190 Nomen
1038 1123 1255 1208 Στυγοσόδωρ
1279 1131 1315 1191 et
1337 1126 1392 1191 ali·

196 1246 292 1307 quam
315 1232 405 1293 certe
420 1226 562 1312 regionis
584 1226 771 1293 memoriam
787 1226 906 1310 (Beule
928 1228 1028 1294 Etud.
1053 1247 1110 1295 sur
1131 1228 1163 1293 le
1178 1228 1294 1309 Pelop.
1316 1230 1393 1314 205)

195 1348 304 1396 secum
321 1335 519 1394 transmare
541 1348 663 1395 vexere
679 1328 797 1395 Graeci
817 1348 890 1395 cum
906 1331 1001 1396 sedes
1024 1336 1059 1396 et
1073 1331 1200 1397 caelum
1215 1336 1393 1414 mutarent,

195 1433 290 1499 immo
307 1437 410 1499 totam
432 1433 586 1513 loquendi
604 1433 777 1500 formulam
793 1434 1039 1520 Στυγοσύδατος
1059 1433 1140 1500 αἰπὰ
1159 1435 1281 1520 ῥέεθρα
1300 1442 1393 1504 vetu-

196 1537 337 1602 stissimo
349 1537 404 1603 illo
416 1537 535 1618 plurali
552 1538 633 1603 αῐαά
645 1538 689 1622 (<
703 1537 844 1622 *ains-d)
860 1557 955 1620 quem
970 1539 1094 1621 primus
1109 1546 1200 1605 recte
1216 1539 1396 1622 explicarit

195 1640 271 1704 Joh.
301 1639 480 1726 Soterico)
509 1641 669 1724 insignem
699 1642 870 1723 quominus
901 1662 942 1709 ex
968 1643 1059 1725 poesi
1089 1643 1274 1724 antiquiore
1301 1663 1393 1725 repe-

196 1750 303 1809 tamus
318 1744 398 1808 nihil
417 1744 567 1829 impedit3
590 1765 666 1812 nam
681 1746 794 1828 poesin
811 1747 936 1828 epicam
953 1747 1014 1813 coli
1028 1747 1093 1813 iam
1108 1747 1142 1812 in
1164 1747 1238 1829 ipsa
1253 1747 1396 1814 Graecia

196 1854 345 1929 coeptam
372 1867 445 1915 esse
469 1854 503 1914 et
523 1849 600 1915 inde
622 1851 778 1916 nonnulla
800 1856 932 1917 retente
954 1853 996 1917 ab
1018 1851 1082 1916 illis
1110 1851 1165 1931 qui
1192 1869 1234 1916 ex
1256 1850 1396 1918 Graecis

196 1952 335 2018 extitere
357 1953 507 2037 Asianil)
529 1953 637 2019 nullus
661 1953 783 2019 dubito.
817 1954 1022 2020 Posteriores
1038 1954 1254 2040 Στυγοσύδωρ
1282 1973 1396 2021 errore

196 2055 332 2137 proclivi
353 2055 401 2122 ita
430 2056 664 2123 intellexerunt
685 2062 723 2122 ut
753 2057 861 2142 Στύγα
892 2063 952 2123 aut
979 2057 1082 2139 ipsius
1108 2058 1200 2126 fluvii
1230 2064 1290 2125 aut
1313 2060 1397 2125 deae

196 2158 297 2242 (Στὺξ
329 2159 470 2246 ἄφθιτος
500 2158 667 2246 Ὠκεανίνη
697 2161 777 2227 HeS.
802 2161 924 2245 Theog.
948 2163 1011 2228 389
1042 2160 1082 2226 cf.
1107 2164 1182 2228 361.
1210 2165 1286 2229 383.
1315 2165 1396 2249 391)

195 2283 312 2331 nomen
336 2264 536 2351 putarentss)

196 2379 403 2390 -.-.-—-..

268 2418 287 2486 ι)
307 2419 349 2475 Cf.
362 2418 426 2478 Hes,
439 2421 573 2475 Κλειτόεν
592 2422 670 2488 1-6ον
688 2421 706 2476 1.
720 2439 741 2475 e.
756 2420 870 2488 ·αι“ὀν1)
888 2415 971 2490 ὕδωρ·
991 2419 1120 2491 ποταμὸς
1139 2423 1286 2495 Ἀρκαδίας
1307 2423 1395 2493 [Κλη-

197 2518 273 2568 ιαῑσς
291 2507 320 2562 in
339 2523 449 2562 nummo
473 2508 535 2567 ach.
552 2507 633 2562 llum.
656 2524 699 2576 ap.
726 2508 895 2576 rape-Bene.
920 2524 941 2563 s.
962 2509 1088 2572 Θεόξιος,
1112 2506 1192 2563 Head
1210 2509 1237 2565 11.
1256 2525 1284 2566 n.
1304 2510 1396 2577 51611.

197 2597 346 2651 Κλείααόν
372 2611 462 2666 φασιν
490 2597 565 2650 εἶναι
594 2598 622 2650 ot
647 2596 754 2668 Κρῆτες
783 2610 854 2663 quae
878 2594 961 2652 verba
984 2609 1149 2664 quamquam
1177 2609 1228 2650 nec
1254 2597 1398 2663 explicare

196 2681 275 2736 valeo
287 2697 380 2750 'neque
398 2680 554 2750 emendare,
573 2686 667 2736 tamen
686 2680 776 2736 facilia
795 2685 839 2736 est
857 2682 974 2749 suspicio
988 2681 1083 2738 eodem
1103 2689 1229 2751 spectere
1242 2697 1296 2749 quo
1316 2692 1345 2738 et
1362 2699 1397 2737 ee

196 2783 266 2836 qnae
286 2768 319 2823 de
338 2767 476 2822 Arcadum
495 2776 524 2823 et
541 2767 712 2824 Cretensium
730 2766 848 2836 quedam
867 2769 1055 2824 commuuione
1074 2767 1212 2838 disputavi
1229 2769 1305 2825 Berl.
1323 2770 1395 2825 Phil.

196 2854 292 2909 Woch.
314 2859 388 2921 1600,
410 2860 476 2908 ttae
495 2872 533 2924 sq.
570 2854 611 2910 De
631 2853 745 2909 Gratiae
764 2858 872 2922 Κλητας
891 2857 1001 2911 nomine
1019 2857 1125 2912 monuit
1144 2857 1247 2912 Maesa.

267 2944 287 3007 ²)
305 2942 435 3002 Praestet
452 2947 560 3011 στυγέω
580 2945 699 3012 ἔστυγον
718 2943 817 3001 torcio
835 2943 909 3002 Στύξ
926 2945 1061 3017 στυγερός
1086 2943 1219 2998 traditum
1245 2952 1288 2997 est
1310 2946 1395 2997 etiam

194 3028 369 3096 participium
388 3027 458 3095 perf.
482 3042 554 3096 pass.
580 3029 616 3083 ab
638 3029 700 3096 ipsa
722 3029 815 3085 radice
839 3029 1008 3099 profectum,
1036 3031 1089 3085 leri
1116 3039 1210 3085 tamen
1235 3031 1396 3098 corruptela

196 3115 394 3181 deformatum,
421 3119 447 3167 E
469 3120 517 3168 861
547 3115 668 3172 στοκτόν
693 3119 795 3171 κακόνι
818 3116 883 3171 libri
906 3120 1007 3174 τακτόν
1035 3116 1108 3187 quod
1135 3133 1217 3172 sensu
1243 3126 1396 3186 cassumst3

196 3200 349 3274 στυγερὸνῚ
373 3204 509 3271 expectea’
536 3201 634 3258 Nauck
658 3205 687 3260 iu
711 3204 791 3273 adu,
818 3217 912 3259 verum
936 3203 1004 3258 vidit
1029 3218 1083 3258 van
1107 3201 1274 3257 Hermerden
1299 3202 1396 3260 Herm.

196 3289 261 3343 xvi
288 3294 349 3347 055.
385 3290 428 3344 De
458 3305 553 3346 errore
583 3290 618 3349 cf.
646 3300 671 3345 Υ
695 3297 746 3346 248
773 3292 893 3366 στρεπτή
922 3289 1014 3356 (Vind.
1045 3291 1123 3344 Vrat.
1151 3291 1277 3359 ιριπτη),
1307 3289 1395 3358 epigr.

195 3377 312 3446 Diogen.
330 3378 423 3433 Laert
443 3377 481 3431 1v
501 3383 532 3431 21
552 3394 577 3433 v.
597 3383 612 3430 6
632 3403 665 3422 =
685 3378 740 3432 ΔΡ.
759 3376 811 3431 Vll
833 3382 894 3446 tos,
914 3384 929 3432 6
954 3376 1148 3446 (Wilamouitz
1167 3376 1262 3445 Antip.
1282 3392 1307 3429 v.
1328 3376 1396 3431 Kar.

196 3470 229 3519 ot
248 3466 324 3534 not),
342 3470 367 3520 Z
389 3470 437 3518 109
456 3465 569 3535 πτυκτῷ
587 3462 651 3534 (duo
669 3463 785 3531 Vindob.
805 3466 912 3536 τυκτῷ).

268 3554 288 3620 1)
308 3559 333 3605 Y
348 3558 381 3605 65
400 3551 526 3607 Plutonis
546 3557 621 3606 οἰκία
638 3552 807 3624 σμερδαλέα,
825 3553 860 3606 ια’
875 3570 903 3606 τι
922 3557 1111 3622 στυγέουσι
1129 3557 1195 3605 θεοί
1207 3569 1261 3624 περ
1281 3549 1396 3615 (Kaibel

127 3650 129 3654 ³
196 3643 255 3705 alt,
274 3639 311 3703 a).

267 3728 288 3791 ⁴)
306 3724 469 3781 Pluralbild.
489 3731 531 3779 41.
554 3721 681 3780 Ὕπαιαα
700 3727 744 3793 (<
764 3721 966 3796 ’(’Υπ-τιιπγ-α)
983 3721 1135 3778 1011601016
1152 3724 1294 3791 quodsita
1313 3735 1398 3781 erant

197 3811 260 3867 11κό
283 3815 400 3881 Τμώλου
421 3814 487 3882 ὄρος
506 3814 589 3866 αἰπύ
610 3812 668 3880 (Ov.
681 3820 819 3868 metamm.
838 3812 878 3866 XI
899 3817 947 3866 lot
965 3811 1028 3866 0011.
1047 3817 1071 3865 Β
1090 3814 1163 3876 003).
1182 3840 1216 3850 -
1235 3812 1291 3866 Pro
1310 3815 1397 3869 πόλιν

196 3901 283 3967 αἰπήν
301 3901 373 3954 hom.
397 3899 471 3969 quod
495 3898 559 3952 Joh.
582 3897 707 3953 Schmidt
730 3916 786 3954 non
812 3899 871 3954 sine
896 3898 1069 3954 dubitatione
1093 3895 1217 3953 defendit
1241 3903 1274 3952 56
1298 3900 1396 3955 malim

195 4002 256 4040 cum
275 3985 400 4043 Nauckio
419 3985 495 4054 (Mel.
513 4001 633 4054 pqr-rom.
652 3987 690 4041 iv
711 3992 760 4040 124
779 3989 829 4056 eq.)
848 3988 933 4042 πόλιν
951 3987 1049 4040 αἰπύν.

266 4082 289 4137 ³)
308 4074 468 4130 Tenendum
487 4075 540 4129 erit
558 4075 585 4128 iu
605 4074 657 4129 hac
674 4090 705 4130 re
723 4081 754 4128 ut
772 4075 878 4144 aliquot
901 4080 976 4129 certe
1000 4085 1102 4139 ponam
1127 4071 1255 4139 exempla
1272 4070 1398 4128 Homero

196 4159 354 4234 dicionique
372 4161 520 4226 σκιόεντα,
544 4160 633 4215 Plinio
657 4163 684 4218 h.
704 4161 788 4218 n.1V
809 4166 840 4215 16
859 4167 978 4215 montem
1003 4159 1126 4214 Achaiae
1147 4159 1298 4228 Scioessa,
1319 4162 1398 4230 oppi-

196 4246 292 4302 dorum
310 4247 451 4316 epitheton
470 4247 636 4303 homericum
661 4251 792 4318 η’νιμόεις
817 4247 984 4316 respondere
1002 4244 1122 4301 arcadici
1139 4244 1192 4299 loci
1209 4260 1297 4313 prope
1323 4249 1398 4303 Pha·

196 4332 322 4388 lanthum
341 4332 387 4387 siti
405 4334 509 4389 nomini
527 4337 689 4405 Ἀνεμῶσσα
707 4336 789 4392 Ριοι.
809 4333 875 4388 Vlll
893 4339 935 4402 65,
955 4340 979 4389 9.

267 4426 288 4488 ⁶)
306 4420 400 4476 Simile
418 4422 483 4491 quid
502 4430 569 4478 nota
586 4422 716 4478 accidisse
735 4421 809 4477 amni
828 4421 972 4476 oblivionis
992 4437 1014 4479 s.
1033 4419 1156 4474 Lethaeo
1175 4418 1282 4474 flumini
1302 4422 1398 4491 (Verg.

196 4511 263 4567 Aen.
283 4508 334 4565 VII
360 4515 408 4567 111
427 4524 481 4580 sq,
507 4509 546 4564 ‘Ia
565 4507 674 4580 gurgea’
694 4510 754 4564 Cat.
778 4514 825 4576 65,
852 4514 867 4562 5
890 4532 919 4553 ω
937 4514 976 4562 A.
996 4507 1173 4581 στροφάλιγξ
1198 4504 1289 4562 Noun.
1314 4508 1397 4564 Dion.
