2956 5040
671 191 908 257 „242-

190 384 299 452 nescio
344 381 399 469 (cf.
445 387 561 448 contra
605 382 714 448 arcad.
762 381 835 446 εειἰο
881 399 922 445 ex
967 381 1076 448 ε’ἐειοο
1121 381 1196 448 Joh.
1243 380 1393 447 Schmidt

190 490 257 555 KZ.
274 487 408 554 XXVH
424 487 512 571 296).
544 486 661 567 Itaque
676 485 886 568 μετεκοιόδον
901 503 960 565 pro
980 502 1090 550 errore
1106 485 1270 570 scribendi
1284 486 1391 551 habco

190 600 224 658 et
255 612 327 659 cum
355 592 531 657 Kuehuero
554 590 638 656 facio
662 619 671 657 ι
696 588 793 655 metri
822 607 923 654 causa
953 589 1146 670 productum
1176 591 1391 675 statuente.¹)

279 722 473 808 ἀριδείκετος
498 720 549 804 (Λ
572 723 645 786 248.
670 722 702 792 Ξ
724 721 799 785 320.
830 721 944 784 lodo.
976 718 1110 785 Hesiod.
1134 718 1301 802 Theogon.
1325 724 1390 788 543

190 830 259 916 all.)
290 828 333 894 ad
367 826 510 892 radicem
542 830 623 892 δεικι
658 830 706 891 δικ
736 824 824 890 trahi
854 824 953 906 solet,
990 842 1073 904 quae
1104 824 1278 907 originatio
1312 826 1391 892 mihi

189 952 305 1016 parum
342 919 452 1014 placet
493 931 642 1011 quamvis
684 949 800 999 versus
845 929 1020 995 Horatiaui
1066 932 1238 996 ‘monstror
1286 931 1390 1014 digito

189 1035 468 1120 praetereuntium
492 1035 660 1100 Romanae
682 1034 799 1100 fidicen
828 1031 966 1119 lyrae‘2)
989 1052 1054 1098 nou
1076 1033 1264 1100 immemori.
1308 1035 1389 1103 (lum

189 1141 227 1207 L.
252 1142 386 1225 Meyero
410 1139 498 1226 (Vgl.
523 1139 580 1205 Gr.
604 1138 640 1204 p
664 1139 742 1222 835)
773 1137 882 1204 malim
913 1138 956 1203 ad
985 1137 1128 1204 radicem
1159 1138 1219 1204 det
1247 1139 1280 1206 in
1311 1148 1388 1208 sert

190 1245 284 1326 duom
298 1275 320 1299 =
334 1244 392 1328 lat.
409 1243 505 1308 daur
527 1241 651 1308 referre
675 1247 709 1307 et
732 1260 772 1307 ex
796 1240 996 1326 ’δριδὲκειος
1019 1241 1155 1308 metrica
1175 1244 1389 1324 productione

190 1355 294 1417 ortum
324 1354 443 1432 putare
473 1347 528 1433 (cf.
557 1366 640 1428 quae
671 1346 738 1412 dixi
768 1348 809 1412 de
841 1347 1050 1414 δεικανόωντο
1078 1369 1152 1432 pag.
1187 1351 1274 1436 too).
1321 1352 1388 1417 Ad-

189 1455 332 1521 scribere
362 1454 454 1520 lubet
482 1452 616 1519 Hesiod.
648 1451 770 1535 Theog.
794 1453 859 1517 532
891 1452 1087 1538 ἀριδείκετον
1119 1454 1188 1520 υἱόν
1217 1473 1261 1520 sc.
1292 1455 1388 1523 Jovis

189 1561 277 1643 quod
299 1560 341 1625 de
360 1559 503 1626 Hercule
526 1557 654 1640 dicitur,
678 1557 719 1622 de
742 1577 805 1638 quo
826 1557 990 1640 Vergilius
1013 1558 1281 1625 hantunam
1307 1560 1388 1626 haec

187 1666 305 1731 habet:
331 1665 444 1747 ‘salve
468 1681 550 1731 vera
565 1660 660 1728 Jovis
683 1661 800 1743 proles,
825 1661 924 1727 decus
944 1661 1056 1727 addite
1080 1661 1188 1746 divis’3
1213 1682 1284 1729 cum
1309 1665 1384 1731 allo·

189 1769 318 1837 cutione
342 1770 469 1835 κύνειον
493 1767 669 1851 ἀριδείκετε
693 1772 780 1832 touta
804 1768 905 1832 9382
929 1766 969 1831 cf.
998 1765 1093 1833 Ovid.
1117 1773 1281 1833 metamm.
1306 1769 1387 1834 XIV

189 1876 252 1942 832
276 1893 325 1956 ω’
502 1958 534 2012 ‘0
553 1957 635 2013 etde
653 1956 744 2025 Latio,
762 1972 778 2010 o
796 1963 825 2011 et
844 1955 877 2011 de
896 1965 978 2024 geute
997 1956 1101 2013 Sabina

502 2046 683 2114 Praecipium,
703 2053 839 2112 matrona,
859 2043 957 2102 decus’.

276 2162 361 2229 Sunt
382 2162 437 2243 qlli
461 2160 646 2249 ἀποφώλιος
669 2180 690 2225 a
712 2178 792 2227 Voce
817 2165 921 2246 φῆλος
944 2179 1028 2240 quae
1047 2162 1195 2247 σημαίνει
1222 2160 1278 2228 τὸν
1302 2163 1386 2228 ἅπα-

188 2273 291 2335 εειιΐνο
316 2267 391 2334 ΕΜ.
418 2271 489 2351 131),
506 2269 546 2332 51
572 2266 626 2334 vel
651 2263 797 2351 φηιηεής
820 2261 892 2347 (lat.
917 2261 1013 2349 sollo)
1036 2265 1202 2352 ducantl)
1238 2266 1284 2332 At
1306 2268 1387 2333 haec

188 2371 323 2438 fallendi
345 2370 435 2438 notio
458 2389 522 2438 non
546 2374 625 2451 apta
649 2372 701 2434 est
723 2366 834 2434 versui
858 2395 872 2431 ε
897 2368 958 2432 182

398 2498 411 2566 r}
433 2501 464 2566 δι)
485 2501 600 2573 ιῖλιιρύς
619 2500 645 2569 γ’
665 2503 722 2553 ἐσσὶ
744 2507 790 2553 ιιιιὶ
812 2503 863 2554 oda
882 2504 1036 2571 ιῖιιοᾳιιύλιιι
1052 2503 1159 2572 [ειδιύς.

188 2615 326 2680 Accedit
348 2615 435 2695 quod
458 2622 484 2680 δ
506 2617 567 2680 116
591 2630 638 2695 sq.

394 2744 443 2812 (ὥς
462 2749 508 2796 καὶ
528 2750 574 2796 σοὶ
594 2743 689 2813 selduc
708 2749 764 2806 μὲν
782 2749 950 2818 ιε’ριιιρειεύς,
970 2747 1039 2800 udde
1058 2765 1107 2801 κεν
1127 2750 1214 2807 ἄλλως

397 2830 463 2883 aridi
484 2828 551 2890 θεὸς
571 2831 685 2894 τεύξειε,
706 2834 774 2886 νόον
795 2831 821 2884 δ’
842 2835 1008 2903 sinodaliter
1028 2835 1098 2899 ἐσσί)

187 2941 370 3025 Euryalus
403 2942 480 3024 quia
510 2941 571 3009 ἐών
601 2943 697 3022 καλὸς
728 2965 834 3027 neque
862 2953 973 3012 tamen
997 2948 1098 3031 ε’·’ρδιοο
1120 2948 1248 3015 εὀικόεοι
1271 2957 1387 3038 μορφᾷ

186 3046 296 3132 (Pind.
312 3046 404 3112 Nem.
421 3047 476 3112 III
493 3049 548 3134 19)
572 3068 633 3115 llec
656 3050 782 3136 γηθύων
807 3051 902 3134 ὅμοια
925 3051 1312 3141 μορφῇ(Αθ8011.Ρ1’0111.
1330 3054 1386 3138 ’18)

185 3152 279 3232 quasi
296 3152 376 3241 ἔργῳ
399 3151 481 3219 κατὰ
495 3159 602 3235 [εἶδος
625 3157 748 3241 ἐλέγχει
764 3161 800 3221 ut
822 3155 870 3220 alt
891 3155 977 3221 idem
992 3155 1155 3221 Pindarus
1172 3155 1222 3221 Ol.
1236 3156 1321 3221 VIII
1338 3161 1386 3239 19,

184 3261 275 3321 recte
297 3257 400 3321 bonas
424 3257 670 3337 expectationes
692 3257 817 3324 formae
846 3258 1017 3324 nobilitate
1044 3265 1149 3325 motas
1176 3258 1293 3324 fodere
1324 3261 1388 3326 dici

184 3356 307 3439 potuit,
345 3377 411 3423 non
444 3359 552 3441 potuit
585 3366 695 3426 tamen
730 3362 801 3428 sine
831 3363 896 3429 ullo
927 3364 1151 3430 additamento
1182 3362 1289 3444 fulloc
1312 3365 1386 3431 dici.

184 3461 295 3545 Quare
320 3461 484 3529 Schrader
507 3463 692 3552 ἀποφώλιος
715 3467 820 3550 magis
843 3468 1030 3551 generalem
1053 3467 1270 3549 assumpsisse
1293 3474 1386 3550 pote-

184 3571 304 3632 statem
329 3568 473 3651 ‘nichtig’
497 3569 624 3635 collatis
654 3569 812 3651 μάταιοςι
845 3569 903 3636 lat.
929 3570 1078 3652 martiri,
1107 3569 1220 3652 froas:
1248 3570 1387 3655 frrrstra,

183 3672 296 3754 μέλεος
335 3673 559 3755 ‘vergeblich'z
597 3673 645 3739 lit.
681 3671 780 3738 maor
814 3673 928 3756 ‘Lilge’
961 3673 1138 3743 contendit.
1184 3673 1279 3758 Quod
1313 3674 1387 3741 fieri

256 3951 276 4019 ι)
296 3949 410 4004 Metrice
437 3948 600 4017 productum
627 3962 725 4003 censeo
753 3948 835 4003 etiam
865 3947 997 4003 Nicandri
1025 3948 1219 4019 ιιοοιιφῑιύδιις
1247 3949 1384 4005 Athenae.

185 4038 211 4091 ll
232 4037 306 4090 lll).
1076 4059 1079 4064 ·

254 4126 274 4190 ²)
294 4123 400 4178 Similia
420 4121 524 4178 habeut
538 4121 648 4177 Ouidius
668 4125 760 4177 Amor.
780 4123 859 4191 1111,
882 4129 922 4188 19,
942 4122 1080 4179 Martialis
1093 4123 1132 4177 lX
1146 4128 1188 4192 91,
1202 4130 1227 4192 t,
1245 4122 1385 4179 Lucienus

183 4210 276 4267 Somn.
306 4216 335 4263 ll
367 4210 486 4264 τοιαῦιύ
518 4227 563 4264 σοι
592 4210 739 4284 περιθήσω
767 4208 801 4265 τὰ
833 4217 1034 4284 γνωρίσματα,
1065 4203 1136 4266 ὥστε
1167 4212 1223 4265 τῶν
1250 4212 1384 4284 ὁρώντων

182 4298 299 4357 ἕκαστος
318 4296 368 4351 τὸν
387 4301 506 4363 πλησίον
529 4299 645 4364 κινήσας
671 4298 754 4357 δείξει
779 4314 810 4353 σε
829 4299 866 4368 τῷ
893 4297 1017 4368 δακτύλῳ
1037 4287 1129 4358 ιούιος
1149 4297 1267 4358 ἐκεῖνος’
1286 4303 1384 4370 λέγων.

183 4389 220 4440 At
240 4385 309 4440 talia
328 4384 441 4439 Homeri
461 4384 607 4439 elocutioni
627 4384 694 4438 mihi
712 4401 768 4439 non
786 4385 933 4439 convenire
950 4384 1085 4441 videntur.

252 4476 276 4536 8)
297 4471 504 4540 Bezzenberger
516 4472 569 4524 ΒΒ.
584 4472 607 4522 V
622 4477 673 4524 ala
686 4472 798 4540 eiusque
810 4472 953 4526 immemor
966 4471 997 4530 0.
1011 4471 1148 4526 Schrader
1161 4471 1217 4527 KZ.
1232 4473 1310 4527 XXX
1324 4481 1383 4530 tao.
