2940 5026
672 205 888 271 ..gg-

268 391 306 458 In
331 392 452 481 α’κρᾶής
478 394 557 480 §oric
580 395 717 480 Simm.¹)
741 395 818 473 λαός
843 395 997 478 (Hippon.
1015 397 1090 482 ληός
1113 396 1207 479 frgm.
1224 397 1282 482 88)
1307 397 1382 483 νηός

181 498 313 586 φρήατα
338 497 412 584 (att.
438 500 564 586 φρέᾶεα
587 500 829 583 Wackernagel
853 501 920 566 KZ.
944 500 1076 567 XXVII
1100 502 1178 586 264)
1204 500 1314 588 ηἐἰδεα
1339 503 1381 567 de

180 622 242 684 quo
266 604 306 669 ci.
330 603 402 669 libr.
426 604 461 668 ΙΙ
484 604 592 670 inesse
620 604 766 671 vocalem
789 610 909 671 natura
936 612 995 671 aut
1017 605 1229 691 productione
1249 607 1380 688 supple-

178 708 264 773 toria
287 709 373 793 (νηός
395 739 417 762 =
441 708 577 792 *raafdg
599 728 675 792 pag.
700 709 756 794 ’13)
780 708 972 790 productam
996 716 1120 776 certum
1144 717 1204 776 est.

269 809 342 879 droa
364 816 575 895 augmentum
598 812 699 877 habet
721 811 902 892 temporale
927 811 1007 893 (KZ.
1029 812 1149 878 XXIX
1172 814 1261 899 250).

267 916 347 982 Voci
369 913 502 1001 βουγάιε
532 935 590 982 cur
620 916 766 982 vocalem
797 921 916 982 natura
943 917 1077 985 brevem
1100 917 1247 983 tribuant
1270 917 1380 983 nescio

180 1020 265 1105 (rad.
288 1028 367 1105 pris.-
388 1028 456 1104 poa
479 1018 518 1085 G.
542 1020 670 1103 Meyer
695 1019 713 1106 ξ
740 1022 799 1087 101
825 1040 855 1102 p.
882 1022 968 1105 119).

267 1122 381 1203 Ἰάονες
404 1146 424 1190 a
447 1125 566 1191 ceteris
589 1125 771 1192 nominibus
793 1125 828 1191 iu
852 1123 936 1191 -άων
959 1124 1036 1210 (iou.
1053 1126 1163 1213 'olma
1188 1126 1276 1192 unde
1292 1152 1379 1203 -εων,

180 1233 256 1309 post
278 1228 410 1295 vocales
433 1231 506 1309 -ων)
530 1246 707 1311 segregare
729 1229 876 1295 illicitum
900 1235 964 1295 est:
989 1227 1116 1308 Ἰᾶνειος
1138 1231 1239 1297 thess.
1264 1230 1381 1297 Collita

179 1351 228 1398 nr.
253 1333 334 1414 345,
366 1335 405 1398 71
434 1362 458 1388 =
488 1330 658 1409 Ἰᾶόνειοςί
703 1333 856 1400 Voculam
892 1353 956 1401 nou
990 1334 1151 1419 digamma
1186 1325 1381 1416 productam

180 1454 253 1502 esse
277 1435 373 1502 docet
394 1436 458 1502 iou.
484 1437 562 1502 -ἑων
584 1454 626 1502 ex
649 1436 760 1523 *ajam

269 1545 400 1625 ῗλᾶ([)ος
431 1559 472 1607 ex
504 1546 610 1628 ἰλεμος
644 1548 678 1607 et
707 1546 840 1627 ἰλᾱίρος
874 1544 1149 1611 contaminatione
1179 1549 1287 1611 ortum
1319 1551 1379 1625 est,

179 1652 314 1714 servata
337 1645 473 1711 alterius
496 1643 621 1711 formae
652 1647 853 1730 quantitate,
886 1648 1022 1715 alterius
1053 1649 1213 1730 qualitate
1244 1650 1379 1731 vocalis,

179 1750 219 1816 cf.
243 1769 344 1833 supra
366 1769 442 1834 pag.
469 1752 508 1815 18
533 1757 615 1835 dqf:
640 1757 721 1833 dds:
748 1758 817 1834 brif,
842 1771 917 1836 pag.
941 1755 983 1819 38
1007 1763 1083 1819 orm:
1105 1764 1184 1821 arcs:
1208 1775 1276 1820 oua.

267 1853 468 1938 ἀκραύαντος
496 1854 598 1920 simm.
629 1855 692 1920 huc
722 1855 850 1920 rettulit
879 1855 962 1922 Fick
992 1857 1179 1924 coniectura
1208 1858 1381 1940 ingeniosa

179 1960 237 2026 sed
268 1960 382 2026 eadem
416 1958 634 2024 incertissima
664 1978 729 2039 qua
758 1959 792 2024 in
822 1979 858 2026 re
889 1960 987 2027 dubia
1018 1981 1076 2044 pro
1107 1969 1301 2046 argumento
1332 1964 1380 2030 uti

179 2062 352 2128 nonlicet.

267 2170 321 2232 εἰῶ
344 2166 435 2232 mhili
457 2184 531 2235 esse
547 2171 656 2247 atque,
681 2166 784 2232 sicubi
806 2172 982 2249 comparat,
1007 2168 1068 2234 ε’όω
1091 2169 1212 2251 (potius
1235 2169 1298 2236 ἑάω
1323 2179 1382 2239 aut

179 2273 237 2344 ἰέω
260 2271 335 2337 Joh.
360 2270 506 2336 Schmidt
535 2270 726 2336 Pluralbild.
757 2270 817 2336 der
845 2269 911 2353 idg.
942 2270 1069 2337 Neutra
1098 2273 1176 2359 326)
1206 2279 1244 2340 ut
1265 2277 1381 2343 reduci

140 2421 144 2429 ·
179 2381 307 2458 posset.
338 2375 386 2440 ita
417 2374 537 2440 debere
567 2374 688 2439 dudum
719 2375 937 2441 observarunt
958 2375 997 2441 L.
1021 2376 1136 2460 Meyer
1159 2377 1240 2462 (KZ.
1264 2378 1299 2446 X
1322 2381 1380 2465 50)

178 2480 292 2546 Nauck
323 2479 413 2564 (Mel.
437 2497 486 2561 gr.
517 2497 597 2544 rom.
622 2478 670 2544 IV
698 2477 779 2563 488)
810 2479 926 2559 quibus
956 2499 1061 2562 nuper
1090 2481 1208 2547 tertius
1239 2485 1381 2552 accessit

178 2584 255 2651 Sittl
284 2583 415 2670 (Philol.
446 2585 503 2663 43,
529 2585 570 2649 20
600 2589 667 2648 not.
692 2583 766 2667 65),
797 2582 873 2649 inde
907 2584 1046 2665 profecti
1080 2586 1167 2665 quod
1198 2615 1224 2651 ει
1254 2588 1288 2654 in
1319 2591 1380 2656 hoc

178 2691 278 2757 verbo
302 2706 466 2768 uunquam
489 2685 610 2768 legitur
633 2684 695 2751 uisi
717 2684 751 2751 iu
774 2684 886 2752 formis
909 2689 1086 2755 contractis
1117 2696 1151 2755 et
1180 2691 1220 2757 iis
1247 2693 1379 2774 quidem

178 2811 314 2874 quarum
348 2790 534 2856 terminatio
570 2790 713 2856 verbalis
748 2795 826 2857 aute
860 2793 1114 2860 contractionem
1149 2795 1327 2865 admissam
1359 2819 1379 2865 a

177 2897 283 2965 vocali
313 2901 434 2962 natura
464 2913 521 2961 scu
553 2895 713 2977 positione
744 2895 904 2976 producta
936 2897 1110 2981 incipiebat
1143 2937 1183 2946 —-
1215 2920 1247 2968 v.
1271 2921 1321 2984 gr.
1344 2903 1378 2970 iu

176 3000 354 3068 indicativo
379 3003 478 3083 ἐῶμεν
502 2997 558 3083 (ex
574 3000 701 3082 ἰάομεν)
717 3017 887 3081 nusquam,
912 3006 1027 3066 contra
1049 3001 1147 3068 bisin
1171 3005 1378 3076 coniunctivo

179 3115 290 3192 εἰῶμεν
313 3114 368 3190 (ex
384 3107 517 3189 ἰάωμεν)
536 3146 574 3194 χ-
592 3126 697 3189 neque
719 3104 783 3170 ullo
806 3105 877 3171 loco
894 3111 989 3171 extra
1012 3107 1128 3174 thesin.
1161 3108 1256 3193 Quod
1279 3112 1377 3195 louge

177 3215 274 3280 aliter
296 3215 450 3294 haberet,
483 3213 511 3278 si
541 3213 703 3278 Homerus
727 3209 803 3276 εἰὰω
834 3228 859 3274 s.
892 3209 975 3275 εὐάω
1005 3212 1161 3278 aeolicum
1192 3214 1377 3282 adsciscere

177 3318 354 3401 potuisset;
386 3336 491 3399 neque
515 3317 600 3383 euim
623 3316 734 3382 formis
764 3318 848 3381 εἰᾶτε
879 3314 992 3400 (ind),
1025 3336 1122 3396 quam
1152 3318 1213 3385 sibi
1242 3327 1378 3389 vetusta

177 3411 412 3490 consuetudine
458 3422 590 3488 deserta
635 3421 763 3486 demum
806 3419 999 3500 Apollonius
1040 3421 1186 3490 Rhodius
1228 3427 1379 3507 permisit

177 3530 298 3611 Argon.
324 3527 436 3607 1873,
463 3526 565 3592 εἰάσει
590 3526 740 3607 εἰῶσομεν
772 3529 880 3593 εἰᾶσαι
910 3527 985 3594 hinc
1014 3529 1090 3595 inde
1121 3531 1298 3611 luneque
1323 3534 1378 3597 εἰῶ

177 3635 290 3715 εἰῶμεν
315 3634 401 3697 εἰῶσι
425 3631 473 3699 ita
495 3631 529 3697 in
558 3650 656 3698 versu
687 3630 846 3696 collocare
874 3630 1030 3712 vitasset,
1064 3638 1100 3696 ut
1128 3633 1218 3713 prior
1247 3632 1377 3716 syllaba

178 3906 207 3913 —-
228 3874 351 3929 refutant
376 3874 447 3929 hom.
469 3876 543 3929 ἐείσω
569 3877 625 3929 deci
650 3876 783 3947 Ἑρμείας
808 3870 940 3944 Μαχάων
963 3873 1010 3937 (ci.
1035 3874 1089 3932 ion.
1109 3875 1248 3946 ’Μαχάων
1267 3883 1295 3932 et
1313 3876 1376 3931 iude

176 3974 270 4016 uatum
299 3967 423 4032 Μαχέων
449 3961 563 4016 Bechtcl
589 3962 672 4016 Thas.
699 3961 805 4016 Inschr.
835 3978 876 4015 ur.
904 3967 942 4015 10.
970 3964 1021 4017 col.
1044 3963 1095 4018 siu.
1126 3969 1165 4019 ll.
1201 3966 1376 4031 ψιίεωνίεἰης

175 4049 289 4103 Bechtel
307 4048 412 4107 Inschr.
432 4048 479 4103 des
495 4048 553 4117 jou.
573 4049 645 4108 Dial.
664 4065 705 4103 ur.
726 4055 757 4104 73
776 4049 905 4118 φιίεἱων)
927 4050 1029 4106 similia
1052 4051 1127 4119 opud
1145 4051 1301 4107 Harderum
1320 4053 1337 4107 l.
1357 4053 1376 4106 l.

176 4144 208 4191 ol
228 4154 276 4206 ες,
295 4152 365 4205 quae
384 4139 492 4192 ratione
511 4153 528 4192 a
547 4137 659 4208 Meyero
678 4139 747 4192 iuita
766 4137 896 4207 expedire
916 4154 970 4192 nou
989 4139 1061 4194 licet.

247 4226 267 4290 ι)
286 4223 326 4279 ef.
340 4239 411 4293 quae
428 4224 485 4280 dixi
498 4241 561 4294 pag.
575 4230 607 4278 at
622 4240 662 4294 sq.
675 4224 721 4280 ubi
735 4225 837 4280 addere
855 4227 934 4280 omisi
948 4231 1038 4290 ζῶίων
1049 4225 1123 4295 quod
1135 4226 1256 4283 Hesiodo
1269 4231 1374 4289 πνοιάς

175 4331 202 4366 τε
223 4316 310 4375 ζαέων
330 4315 447 4383 ἀνέμων
465 4313 517 4368 σῦν
541 4315 730 4386 Κυματολήγῃ
756 4311 896 4379 Theogou.
916 4316 966 4367 253
992 4327 1042 4380 pro
1066 4312 1137 4367 trad.
1164 4318 1274 4377 ζαθέων
1301 4323 1375 4371 recte

174 4399 331 4453 restitutum
350 4403 400 4456 est.
420 4403 516 4468 ζ-ᾰῆςε
535 4402 620 4467 ζ-ἇής
639 4426 672 4445 =
692 4401 820 4473 ddoepac:
839 4400 963 4475 δύσηρις.
987 4402 1057 4467 ζόης·
1071 4403 1192 4473 ἰσχυρός.
1213 4401 1374 4479 ἢσφοδρῶς

175 4493 271 4541 πνέων
289 4487 352 4541 Hes.
373 4487 452 4554 (aeol.
472 4503 506 4542 ex
525 4486 625 4557 Crispe?
643 4486 677 4541 cf.
696 4486 835 4542 Balbillae
855 4489 969 4556 ἰίυεσα).
