2956 5040
566 203 805 272 -239-

451 396 531 469 ξηραί
549 395 571 448 τ’
591 396 766 465 Ἀμμωνίδες
786 395 866 466 ἕδραι

451 482 587 552 αιδίνουσ
606 482 812 557 ιλπειρόδροσοι

453 573 605 624 καλλίστων
624 569 741 643 ὄμβρων
761 571 869 623 Διόθεν
888 582 1040 645 στερεῖσαι,

82 681 171 747 Plat.
201 679 288 761 legg.
319 679 380 743 161
414 675 475 741 ΑΒ
507 674 592 752 ὅπως
624 673 662 740 δν
692 674 742 759 (αἱ
773 673 887 760 νάπαι)
924 674 962 739 τὰ
994 675 1082 761 παρὰ
1118 681 1173 741 τού
1204 675 1284 755 Διὸς

83 786 188 853 ύδάτα
219 781 476 867 καταδεχόμεναι
507 781 563 848 καλ
593 781 760 860 πίνουσαι,
794 792 860 858 τοῖς
883 779 1093 846 ὑποκάτωθεν
1117 779 1227 867 α’γροῖς
1251 809 1284 848 τε

84 890 141 956 κατ’
164 887 276 964 τύποις
292 891 391 952 πᾶσιν
406 884 535 967 νάματα
552 884 608 948 καί
623 883 743 971 κρήνας
759 891 923 966 ποιοῦσαι,
947 887 1003 952 κατ’
1025 885 1099 964 τούς
1116 885 1283 975 αὐχμηρο-

84 994 200 1071 τάτους
218 989 333 1067 τόπους
349 987 546 1072 πολυύδρους
570 1015 604 1052 τε
620 989 675 1053 κατ’
692 987 843 1075 εὐύδρους
860 988 1114 1085 ἀπεργάζονται,
1138 991 1283 1058 Pseudo·

82 1098 213 1184 Scymn.
238 1097 301 1162 119
325 1113 394 1175 sqq.
419 1091 474 1178 (de
497 1091 599 1176 Istro)

254 1216 377 1288 χειμῶνι
396 1213 528 1287 μὲνγὰρ
548 1214 660 1272 αὔξεται
682 1216 879 1289 πληρούμενος

258 1314 318 1362 τοῖς
336 1306 503 1372 γινομένοις
523 1304 685 1373 ὄμβροισιν,
705 1305 736 1357 ἐν
755 1303 785 1357 δὲ
806 1305 844 1375 τῷ
863 1310 943 1378 δέρει

257 1389 317 1445 α’πὸ
336 1392 383 1456 της
397 1391 507 1460 χιόνος,
527 1384 564 1450 ιύς
583 1407 665 1461 ιγασι,
681 1389 736 1456 τὰς
756 1391 918 1465 ίπιρρύσεις

260 1480 315 1532 τῶν
334 1484 496 1545 τηκομένων
514 1496 543 1532 τε
562 1479 716 1548 λαμβάνων
736 1479 781 1533 dei
802 1479 906 1548 πιίγων

258 1564 290 1620 τὸ
310 1566 427 1639 ῥεῖθρον
447 1565 563 1631 ἐξίησιν,
582 1566 714 1627 ολσαύτως
734 1573 797 1620 ἴσον
818 1565 869 1631 (sic
892 1565 980 1649 10011111
1000 1563 1130 1619 Meinclte
1152 1563 1283 1631 refinxit).

82 1671 223 1751 denique
260 1670 348 1753 apud
386 1669 538 1739 Ovidium
579 1676 742 1738 metamm.
781 1671 816 1736 Π
853 1673 919 1738 406
949 1670 1067 1738 Jorem
1101 1669 1219 1736 ‘fontes
1249 1674 1283 1736 et

81 1775 224 1843 nondum
256 1775 413 1842 audentia
442 1774 509 1840 labi
539 1774 672 1840 fiumina
702 1780 778 1856 post
808 1775 933 1841 cladem
964 1773 1158 1840 Phaetontis
1187 1775 1281 1840 resti·

81 1881 249 1947 tuentem’
295 1879 399 1946 Porro
429 1878 584 1945 attendas
617 1879 758 1946 animum
790 1877 832 1946 ad
856 1880 953 1946 aliam
984 1899 1053 1947 rem
1083 1898 1167 1961 quae
1197 1899 1280 1946 com-

80 1985 315 2052 memoratione
338 2002 402 2050 non
430 2001 564 2065 prorsus
586 1983 739 2066 indigna:
776 1986 935 2062 διιπετέος
965 1995 1127 2068 ποταμοῖο
1152 1989 1184 2050 Φ
1207 1987 1280 2052 268.

81 2092 147 2157 326
169 2120 192 2145 =
214 2088 351 2163 Ξάνθου
377 2086 539 2175 δινήεντος
562 2087 599 2154 bo
622 2085 786 2167 ἀδύνατος
810 2091 919 2185 τέκετο
943 2091 1030 2168 Ζεύς
1053 2089 1086 2162 Ξ
1106 2091 1182 2155 434.

173 2194 297 2280 Quibus
335 2191 506 2276 perpensis
544 2195 634 2257 recte
669 2191 777 2274 egisse
814 2211 932 2260 censeo
970 2193 1026 2274 qui
1059 2193 1092 2259 in
1128 2195 1285 2275 διιπετέος

84 2310 249 2382 ποταμοῖο
269 2298 364 2367 Jovis
386 2314 504 2363 nomen
529 2294 734 2378 agnoverint.
767 2296 818 2362 De
840 2296 946 2363 forma
967 2302 1078 2363 tarum
1100 2297 1284 2382 Roedigero

83 2403 134 2489 (et
163 2402 203 2469 G.
232 2402 381 2488 Meyero)
414 2400 572 2478 διιπετέος
601 2419 622 2464 a
652 2400 781 2467 nomine
811 2403 951 2484 quodam
982 2402 1120 2486 *Arseo-
1152 2403 1285 2470 ducenti

82 2507 236 2575 assentiri
266 2525 402 2587 nequeo.
447 2505 530 2570 Nam
562 2522 678 2570 nomen
717 2504 798 2571 illud
829 2535 849 2571 ο
879 2526 1023 2575 consona
1058 2508 1185 2574 finitum
1219 2527 1282 2575 non

80 2613 200 2682 Jovem
224 2612 330 2693 deum,
354 2610 413 2676 sed
436 2609 562 2676 caelum
584 2609 730 2675 indicare
754 2610 896 2678 videtur
941 2613 1083 2681 Dativus
1106 2613 1192 2678 enim
1210 2619 1283 2680 Διιι

80 2718 136 2799 qui
174 2716 307 2798 saepius
344 2714 466 2799 iegitur
501 2712 628 2825 (cour.
658 2716 742 2779 1869
776 2714 830 2781 ubi
861 2715 992 2782 Boeokh
1026 2717 1283 2799 improbabiliter

80 2823 176 2904 Διμ’,·
208 2819 333 2886 Callet*²
357 2820 430 2901 250,
455 2820 475 2884 2
506 2817 550 2908 τῷ
572 2795 648 2885 Διει
677 2846 721 2909 τῳ
746 2819 827 2910 Νύῳ
857 2849 909 2888 και
936 2828 977 2912 τᾷ
1000 2823 1119 2914 Διτύνα,
1144 2841 1281 2904 quocum

79 2926 120 2992 oi
145 2925 335 3006 caropanos
358 2924 496 2990 Dodone
520 2928 555 2989 et
577 2942 630 2990 ses
654 2924 764 2990 ruinas
787 2926 855 2992 tab.
878 2926 976 2994 XXV
1001 2932 1017 2994 1

168 3030 338 3109 Πολυξένα
363 3059 403 3096 τα
394 3028 512 3116 Ὗγεν)
537 3028 689 3116 ἀντύθητι
712 3040 767 3096 τοῖ
787 3031 883 3115 Adri)
907 3060 959 3098 και
983 3033 1193 3121 χρήματαςῖ)

79 3136 277 3223 Διειτρέφης
299 3133 420 3200 OJAtt.
446 3133 560 3199 1402.
579 3135 641 3200 441
667 3133 726 3201 col.
750 3133 804 3200 ΠΙ
826 3138 869 3201 53
893 3137 1030 3204 Bachtei
1053 3138 1129 3205 Jon.
1154 3138 1280 3204 Insehr.

77 3241 151 3306 441)
178 3241 217 3305 12
248 3256 344 3320 quam
375 3236 513 3302 nominis
543 3236 680 3303 formam
704 3239 791 3319 apud
822 3240 1076 3322 Aristophanem
1107 3244 1170 3311 Av.
1196 3244 1279 3307 1442

77 3344 173 3427 irgm.
198 3346 260 3410 301
285 3343 303 3408 Ι
325 3342 440 3408 411Κ.
465 3343 512 3427 (v.
536 3342 648 3425 Bergk
676 3342 774 3408 Mein.
798 3362 911 3410 comm.
935 3345 970 3411 Π
995 3346 1094 3431 1011)
1119 3342 1278 3433 [Τὴαογδ.

77 3448 132 3514 III
163 3450 221 3532 15,
256 3446 287 3536 1]
318 3467 377 3530 pro
412 3448 593 3534 Διιτρέφης
630 3447 849 3515 revocandam
887 3468 960 3515 esse
998 3456 1136 3516 metrum
1174 3450 1279 3532 docet,

77 3574 109 3624 v.
133 3554 229 3636 Kopp
253 3552 314 3619 Rh.
338 3553 422 3619 Mus.
446 3551 597 3617 XXXXI
622 3552 700 3638 252)
708 3552 734 3638 ³)
766 3551 864 3619 alium
895 3554 1041 3620 admittit
1071 3553 1278 3637 explicatum.

163 3655 406 3725 Nomine-tirum
422 3660 458 3722 et
479 3655 667 3725 vocativum
688 3655 785 3722 huius
801 3656 842 3722 de
866 3676 929 3738 quo
952 3676 1059 3725 sermo
1075 3663 1127 3724 est
1141 3657 1279 3725 nondnis

79 3760 113 3827 in
140 3761 253 3844 lingua
281 3759 548 3844 indagermauica
575 3760 800 3829 vetustissima
824 3760 1046 3844 discrepantia
1068 3767 1223 3828 accentus
1246 3767 1280 3828 et

78 3863 204 3932 formae
219 3865 275 3937 ita
297 3865 469 3932 distinctos
492 3864 603 3948 iubae,
634 3870 671 3931 ut
693 3865 887 3934 nominativi
909 3865 1131 3950 diphthongus
1154 3864 1278 3932 accine-

150 4057 172 4122 ¹)
191 4054 255 4109 Joh.
275 4056 408 4111 Baunack
426 4055 484 4114 ΚΖ,
503 4055 581 4109 XXV
600 4059 660 4109 118.
679 4086 712 4094 -
731 4058 821 4126 paim
839 4072 903 4125 pap,
921 4056 1030 4112 Lourre
1048 4063 1090 4126 00,
1112 4062 1135 4125 1,
1156 4059 1196 4114 18.

148 4144 170 4212 4)
188 4142 325 4211 Scriptum
350 4149 392 4198 est
416 4146 464 4197 Δίς
493 4157 543 4211 pro
567 4157 599 4197 eo
623 4141 695 4211 quod
720 4158 814 4199 versus
839 4143 891 4198 sibi
914 4145 1001 4214 poscit
1025 4154 1053 4200 et
1075 4144 1171 4214 procul
1194 4142 1278 4199 dubio

73 4247 169 4288 versus
182 4240 278 4288 auctor
290 4232 375 4287 voluit
389 4231 500 4300 irrepsit
512 4229 643 4286 scribenti
656 4230 745 4288 forma
757 4230 879 4300 voigaria
893 4237 928 4288 Δί
940 4234 1013 4303 (pap.
1027 4232 1135 4288 Lourre
1148 4237 1190 4301 60,
1207 4240 1229 4299 1,
1242 4233 1276 4300 δ).

147 4323 167 4386 ⁸)
185 4320 248 4375 Non
274 4317 364 4373 audeo
389 4318 521 4389 exemplis
546 4319 588 4373 uti
612 4319 707 4387 qualia
730 4318 866 4386 praebent
889 4333 1011 4388 papyrus
1036 4317 1130 4376 Herm.
1148 4317 1201 4372 XX
1225 4322 1277 4372 4118
1381 4330 1383 4333 ’

74 4406 169 4476 (Areo,
187 4407 264 4461 tituli
283 4408 344 4463 aevi
361 4405 480 4462 Romani
498 4405 579 4465 Bon.
597 4404 652 4460 XII
670 4410 721 4460 114
740 4421 780 4460 ur.
800 4409 848 4474 883
867 4410 918 4459 100
937 4421 979 4462 nr.
999 4410 1031 4458 81
1051 4405 1140 4474 (iuxta
1156 4421 1276 4479 χαρεισ-

73 4496 212 4570 σπη’ριον);
232 4499 342 4552 280111.
361 4501 394 4548 to
414 4496 511 4563 (Διεί),
531 4499 582 4547 488
601 4509 643 4552 nr.
662 4499 696 4547 80
716 4494 814 4561 (Aeser)
831 4503 884 4549 etc.
