2964 5018
547 206 784 272 -505-

67 420 117 464 nr.
141 402 184 464 56
207 399 237 463 Α
264 401 302 463 16
325 417 379 479 pp.
404 401 455 463 80.
481 400 519 461 87
546 403 580 462 et
609 397 730 478 passim
760 396 831 461 coll.
856 394 1026 477 τεσσάρων
1051 392 1071 458 i.
1096 411 1123 457 θ.
1149 391 1267 457 τεσσά-

69 530 133 589 ριοι
167 502 208 567 51
241 502 269 566 Β
302 504 321 567 5
352 520 406 582 pp.
438 503 489 566 82.
522 500 578 584 81)
612 499 717 565 facilis
748 504 800 565 est
829 497 970 580 suspicio
1009 515 1093 577 quae
1134 495 1269 561 Homeri

68 604 304 673 consuetudine
328 623 409 671 vera
435 623 508 669 esse
531 604 770 683 comprobatur.
816 602 899 667 Nam
919 605 1034 694 Φθῖος
1059 596 1152 683 Φθίη
1176 598 1267 679 quin-

69 710 172 776 decim
195 708 276 774 locis
298 707 346 772 ita
369 706 567 772 adhibentur
590 710 627 770 ut
642 732 654 769 ι
669 702 794 786 μακρὸν
815 703 849 769 in
873 704 955 769 duas
972 703 1117 787 syllabas
1134 702 1269 786 (Φθίας

71 814 189 898 0910))
205 811 290 879 solvi
302 816 412 891 queat,
429 829 526 890 quam
541 828 611 874 rem
627 827 691 873 nou
704 807 793 874 casui
805 807 946 872 dandam
960 825 1033 872 esse
1046 806 1167 875 evincit
1179 814 1213 872 11
1230 811 1268 873 13

360 917 390 980 q'e‘
410 913 461 967 τιν’
481 916 618 982 α’γγελίην
636 919 730 977 Φθίης
749 912 776 970 ἓξ
795 915 889 970 ἔκλυες
910 912 981 972 οἶος;

69 1006 183 1085 Aeque
207 1003 291 1068 enim
314 1001 426 1070 versui
455 1000 664 1066 satisfaceret
686 999 765 1066 ordo
787 997 939 1064 hoversus
964 1001 998 1063 ἐκ
1024 995 1135 1084 Φθίης
1158 997 1267 1083 (mr-3

72 1118 91 1176 1
111 1112 173 1176 293
198 1109 299 1194 ss-ss)
322 1127 384 1174 nec
406 1108 490 1173 solet
505 1107 667 1172 Homerus
690 1101 723 1168 in
745 1103 808 1167 hac
830 1101 909 1166 sede
933 1101 1101 1184 uolgarem
1122 1102 1268 1169 ordinem

68 1218 203 1296 praeter
232 1211 463 1278 necessitatem
493 1211 655 1290 deserere,
681 1210 713 1284 ἐξ
746 1209 850 1271 ἵππων
873 1233 946 1260 --ι-
976 1209 1006 1271 E
1031 1209 1100 1273 163.
1139 1213 1166 1271 Y
1192 1210 1267 1274 461.

69 1320 100 1383 Ω
115 1321 179 1383 469
204 1316 253 1400 (ἐκ
274 1320 382 1401 μηροῦ
405 1322 441 1380 Λ
457 1314 545 1399 844),
569 1312 609 1378 cf.
626 1311 782 1377 Draheim
805 1310 918 1376 Fleck.
935 1309 1050 1376 Jahrb.
1073 1314 1141 1392 131,
1159 1312 1267 1396 6113)

70 1424 162 1489 Unus
184 1423 274 1487 loeus
297 1420 485 1502 refragatur
507 1416 670 1498 solutioni,
697 1418 799 1480 1419
823 1414 929 1504 (Φθίῃ
950 1415 994 1480 in.
1015 1416 1116 1499 vers.)
1140 1415 1195 1496 qui
1218 1421 1270 1481 est

69 1527 101 1593 in
125 1524 298 1591 Phoenicis
322 1523 478 1604 oratione,
503 1522 523 1587 i.
545 1542 573 1587 e.
597 1521 630 1586 in
653 1520 728 1586 libri
749 1520 891 1586 recentis
913 1526 933 1585 1
952 1524 1047 1601 parte
1069 1519 1270 1602 interpolata

70 1628 198 1712 (Bergk
231 1626 525 1710 Litteraturgesch.
558 1626 575 1690 Ι
604 1627 668 1689 suo
692 1625 765 1710 sn).
803 1624 976 1692 Adiectivo
1009 1626 1126 1703 Φθίας
1157 1627 1271 1691 subest

69 1735 180 1800 thema
206 1738 295 1798 Φθῐ-
320 1731 364 1816 (οἱ
392 1734 494 1808 Φθίος
516 1763 539 1785 =
563 1733 590 1795 οὶ
626 1735 774 1795 Φθιῶται
806 1729 918 1812 Steph.
948 1731 1026 1815 Byz.
1055 1733 1135 1812 664,
1164 1732 1183 1795 2
1214 1730 1270 1796 ubi

70 1856 242 1919 perperam
266 1835 374 1901 editur
399 1835 527 1919 Φθῖος).

512 1976 580 2039 XII
603 1995 633 2057 p.
658 1979 777 2042 32511.
803 1982 832 2040 2.

158 2080 276 2164 ῥύομαι
302 2081 472 2145 verborum
494 2080 650 2164 φυλάσσω
674 2088 708 2146 et
727 2079 818 2167 σῴζω
842 2098 1057 2162 synonymum
1073 2098 1146 2145 esse
1169 2078 1267 2144 etiam

70 2185 136 2251 alia
151 2204 187 2249 re
202 2181 361 2249 illustrari
377 2181 507 2263 poterit.
536 2205 643 2265 favos
659 2219 683 2233 ν
699 2189 771 2266 apo:
790 2185 847 2270 (iim
872 2185 912 2250 cf.
930 2191 960 2249 Z
974 2188 1038 2251 403
1052 2204 1100 2264 sq.
1120 2185 1172 2268 (X
1188 2184 1269 2268 506)

228 2288 276 2340 τόν
296 2285 320 2357 ῥ’
333 2281 439 2355 ‘'Exvmp
460 2290 589 2340 καλέεσκε
609 2289 836 2357 Καμιὶνδριονβ)
856 2293 946 2358 uo’vrip
968 2293 993 2342 ol
1014 2291 1093 2342 ἄλλοι

228 2378 306 2429 Ἄστιν
315 2376 406 2428 α’νακ
415 2374 446 2427 ι”
467 2375 527 2434 οἶος
547 2396 603 2444 γαρ
623 2381 660 2445 ἐρ
671 2378 706 2429 01
718 2397 751 2429 ιο
768 2380 859 2447 [111ον
872 2372 996 2446 Ἕκτωρ.

72 2463 159 2529 Berl.
190 2461 273 2527 Phil.
305 2462 418 2527 Wooh.
446 2465 530 2528 1890
557 2464 617 2527 col.
645 2467 727 2529 1505
750 2465 822 2529 coll.
854 2465 952 2530 schol.
983 2464 1063 2529 Eur.
1094 2462 1193 2545 Hipp.
1217 2468 1269 2528 88.

70 2590 189 2650 fovon—
207 2605 230 2618 m
253 2575 391 2653 φυλακ-;
416 2586 492 2631 nam
515 2586 579 2633 nou
602 2569 696 2634 modo
719 2568 922 2650 grammatici
947 2567 1070 2644 α’νακώς
1093 2568 1190 2650 (ἔχειν
1214 2570 1271 2652 τῆς

73 2672 175 2755 θύρας
199 2671 284 2736 Plat.
310 2673 372 2737 202
401 2672 418 2736 Ι
446 2674 507 2738 657
533 2673 640 2756 Koch)
664 2672 844 2738 rectissime
867 2673 1127 2759 interpretantur
1148 2679 1269 2757 potua·

72 2782 174 2853 ταῶς,
199 2776 258 2841 sed
280 2776 351 2857 ipse
374 2775 550 2857 Sophocles
573 2777 612 2841 fr.
638 2781 699 2844 107
726 2777 806 2854 ἄναξ
829 2776 912 2842 dixit
934 2795 993 2858 pro
1018 2775 1139 2861 φύλαξε
1171 2775 1271 2860 πύλης

72 2879 152 2956 ἄναξ
178 2880 315 2961 νυαωρὲ,
339 2898 423 2959 quae
446 2883 549 2947 verba
571 2881 665 2962 quasi
694 2883 801 2948 lusum
832 2879 1082 2964 etymologicum
1106 2881 1270 2962 exhibent,

72 2983 163 3049 ouius
184 3002 247 3048 non
271 2982 449 3048 absimilem
474 2985 605 3051 admisit
623 2980 800 3052 ‘Lucretius
825 2989 941 3051 ‘rerum
965 2990 1084 3051 natura
1107 2986 1270 3051 creatrix'.

72 3089 137 3153 Pro
160 3087 362 3169 appellativo
386 3109 406 3154 a
429 3089 578 3155 vocabuli
604 3091 711 3176 σωτήρ
734 3091 867 3157 notione
895 3092 984 3157 haud
1006 3092 1104 3174 longe
1127 3091 1271 3156 distante

67 3193 188 3258 Ἆνακε
211 3209 388 3272 usurpasse
411 3191 543 3258 videtur
569 3193 625 3273 qui
647 3193 763 3275 panxit
785 3195 902 3261 Kaibel
925 3197 1030 3278 suppl.
1055 3197 1157 3278 epigr.
1182 3197 1272 3260 82911

73 3297 148 3380 (Rh.
173 3296 217 3360 M.
241 3295 389 3360 XXXIV
415 3296 491 3381 199)

273 3400 418 3469 Σωτήρων
437 3401 569 3453 :rodaco
590 3419 615 3453 11
636 3402 825 3469 Διοσκούροιν
844 3395 890 3455 ὅδε
911 3404 1015 3470 βωμός.
1039 3431 1065 3439 -

73 3484 276 3568 Ἐρυμᾶνδρα
300 3485 398 3551 BCH.
422 3487 451 3550 V
474 3489 538 3552 422
566 3506 614 3552 nr.
631 3490 673 3552 35
698 3523 720 3536 ω
738 3486 993 3570 Ἀναξίμανδρος
1017 3489 1132 3572 (supra
1158 3490 1271 3569 11326

73 3611 105 3656 n.
121 3591 173 3674 3);
190 3596 363 3672 utrumque
379 3611 450 3657 cunr
462 3592 591 3676 μάνσρα
604 3591 826 3673 compositum.
850 3592 1046 3674 Ambiguum
1064 3596 1271 3674 Μανδρώναξ

74 3694 129 3779 (cf.
155 3700 337 3781 Δημώναξι
360 3694 572 3777 Ἀναξίδαμος
595 3695 744 3773 Λεάναξε
776 3694 962 3774 Ἀναξίλαος
985 3695 1154 3772 haedoue:
1178 3694 1271 3761 Ἀνα-

74 3802 196 3885 ξικλῆς)
219 3800 304 3880 quod
327 3799 494 3866 Latronne
518 3800 666 3866 Oeuvres
682 3799 735 3864 IH
751 3802 780 3880 2,
804 3803 848 3865 40
863 3819 910 3881 sq.
935 3799 1045 3885 (quem
1068 3799 1145 3865 mihi
1167 3799 1272 3866 locum

74 3903 301 3986 suppeditavit
313 3904 351 3969 E.
365 3904 527 3989 Preuner)
541 3903 722 3986 composuit
733 3924 805 3970 curn
815 3912 943 3984 Διῶναξ
954 3906 1104 3991 ‘Hydrae'
1116 3904 1272 3983 Ἡλιάναξ

74 4010 176 4075 sinun.
223 4014 351 4087 Διῶναξ
382 4015 434 4075 est
464 4009 517 4091 qui
549 4010 616 4075 Διά
641 4008 763 4075 ἄνακτα
788 4012 872 4095 ἔχει,
903 4014 1010 4077 ‘anter
1037 4010 1109 4076 dem
1133 4009 1273 4075 Schutze

76 4116 133 4181 des
156 4116 242 4181 Zeus
265 4115 363 4179 steht'
389 4114 443 4199 (of.
462 4114 649 4202 Ἥφαιστος
672 4116 767 4200 ἔρυτο
792 4120 821 4180 Ε
843 4119 894 4197 23,
918 4134 1019 4196 supra
1041 4134 1073 4196 p.
1090 4116 1154 4180 328
1178 4113 1271 4197 113).

149 4259 168 4322 ¹)
190 4261 212 4308 B
232 4260 265 4307 84
285 4255 394 4323 (βουλῆς
414 4254 441 4311 ἐξ
461 4251 525 4325 ἦρχε
547 4256 675 4320 νέεσθαι)
696 4258 725 4306 ἐκ
744 4261 851 4320 spectat
870 4254 905 4308 ad
924 4255 1036 4308 verbum
1057 4260 1182 4307 νέεσθαι.

147 4348 168 4406 ²)
186 4342 311 4396 Nominis
341 4343 614 4414 Σκααανδρώνομος
646 4340 865 4410 hypocoristicon
901 4350 941 4396 est
969 4343 1092 4410 Κιῐμωνς
1130 4346 1273 4405 utramque

75 4427 192 4482 nominis
211 4427 326 4482 sormam
346 4427 471 4495 agnoscit
489 4428 517 4481 in
535 4445 590 4482 uno
609 4427 758 4496 eodemque
777 4428 901 4496 homine,
920 4428 1047 4495 Sapphus
1066 4436 1154 4496 patra,
1174 4425 1273 4481 Suidas

76 4516 209 4581 (Schoene
235 4515 326 4585 Symb.
346 4517 433 4571 Bono.
453 4521 502 4568 131
523 4518 581 4583 sa).

573 4618 778 4655 ...ἦα-
