2956 5040
560 221 796 286 -199-

69 426 169 474 nemo
208 408 268 473 sibi
301 411 530 492 persuadebit,
564 411 627 476 nisi
662 411 717 493 qui
752 411 850 476 etiam
885 430 904 476 e
937 412 1007 476 loco
1042 412 1273 479 Demosthenis

71 521 280 598 παραπρεσβ.
304 518 368 582 325
392 515 452 583 ὕπὸ
476 522 537 583 τῶν
559 516 682 582 κάκιστ’
707 514 934 598 ἀπολουμένων
963 514 1143 601 ἀνθρώπων
1166 517 1271 583 πάντα

72 620 113 686 τὰ
138 621 301 707 πράγματ’
333 621 480 689 ἀπώλετο
514 622 722 690 transitivum
747 621 974 705 ἀπολουμένων
1005 621 1273 689 ‘unheilstiftelld'

70 724 191 791 elicere
215 745 314 792 ausus
338 727 410 793 erit.

159 831 318 912 Superest
355 838 392 897 ut
429 833 562 898 doceam
602 853 743 914 quanam
782 831 909 897 ratione
943 831 1057 896 aoristi
1096 831 1272 914 participia

69 933 226 1021 ὀνήμενος
265 935 435 1018 οὐλόμενος
472 939 564 1005 velut
597 937 736 1021 optativi
773 936 877 1003 vicem
912 935 1059 1001 obtinere
1093 935 1269 1017 potuerint.

68 1040 196 1106 Amant
216 1041 362 1108 homines
386 1043 472 1123 quod
495 1042 597 1109 futuri
619 1041 776 1124 temporis
803 1045 855 1106 est
878 1040 966 1105 etin
990 1040 1061 1105 sola
1084 1040 1272 1106 coniectura

68 1146 212 1225 positum
242 1147 329 1212 haud
359 1166 435 1213 raro
470 1167 528 1229 spe
563 1152 662 1228 atque
695 1147 893 1230 cogitatione
925 1145 1116 1227 praecipere
1147 1152 1182 1211 et
1211 1165 1270 1228 pro

67 1255 161 1314 certo
190 1250 238 1315 ita
268 1251 377 1318 verbis
408 1251 540 1332 efferre,
572 1252 666 1332 quasi
695 1271 731 1318 re
761 1271 842 1319 vera
864 1252 929 1317 iam
951 1251 1047 1316 fieret
1069 1251 1123 1317 vel
1146 1250 1268 1317 fectum

67 1360 160 1418 esset
188 1355 275 1437 quod
298 1355 420 1421 factum
451 1357 567 1423 volunt
595 1356 666 1424 sive
697 1362 845 1439 tempore
879 1375 938 1421 suo
969 1359 1163 1423 eventurum
1196 1374 1269 1421 esse

66 1462 255 1539 expectant.
286 1461 392 1526 Huius
417 1468 454 1526 ut
475 1461 522 1526 ita
539 1461 644 1527 dicam
668 1460 910 1543 anticipationis
926 1460 1077 1541 exempla
1099 1459 1269 1526 notissima

64 1561 99 1627 in
128 1565 229 1629 verbo
260 1565 367 1647 finito,
404 1566 446 1631 ad
481 1584 565 1647 quae
600 1565 741 1631 animum
771 1564 836 1630 iam
871 1570 1002 1631 veteres
1033 1564 1269 1648 schematologi

65 1667 285 1735 adverterunt
321 1669 514 1753 (Herodian.
551 1699 582 1737 n.
618 1697 717 1755 οχημ.
753 1669 895 1752 Spengel
929 1670 982 1735 ΠΙ
1017 1672 1075 1752 89,
1113 1671 1151 1734 17
1177 1688 1265 1751 sqq.:

65 1771 157 1858 παρὰ
182 1778 217 1840 δὲ
237 1773 372 1860 χρόνους
396 1778 656 1863 σχηματίζουσιν
680 1775 710 1840 οἱ
733 1762 885 1840 ἕνεσέῶσι
907 1773 1070 1860 χρώμενοι
1093 1772 1165 1839 ἀντὶ
1186 1783 1266 1858 μελ-

64 1877 196 1959 λόντων,
222 1875 289 1946 οἷον

363 1967 417 2038 ἐγὼ
437 1968 469 2023 δέ
488 1967 512 2020 κ’
532 1970 593 2038 ἄγω
612 1966 751 2040 Βρισηίδα
770 1968 970 2039 καλλιπάρῃον·

63 2054 151 2139 λέγοι
175 2053 236 2139 γὰρ
260 2053 299 2120 ἂν
323 2054 423 2133 οὕτως
446 2053 482 2121 τὸ
506 2055 645 2137 βεβαίως
668 2053 822 2137 ἐσόμενον
850 2058 1063 2140 παραστῆσαι
1086 2055 1199 2134 θέλων,
1223 2055 1266 2133 ὥς

64 2159 100 2224 εἴ
120 2187 168 2237 τις
192 2160 276 2226 εἴποι
285 2212 294 2240 ,
331 2159 444 2242 αὔριον
468 2161 675 2245 διαλέγομαι,
701 2154 768 2223 οἷον
792 2157 917 2234 πάντως
941 2159 1150 2239 διαλέξομαι).
1197 2160 1265 2226 Nos

62 2283 194 2345 qnoque
218 2259 353 2332 dicimus
377 2266 431 2332 ‘du
453 2267 546 2331 thust
569 2265 638 2330 dies
662 2264 728 2329 und
752 2264 840 2329 dusl'
864 2282 923 2344 pro
947 2282 985 2329 eo
1009 2264 1096 2344 qnod
1119 2263 1182 2329 dici
1204 2283 1266 2346 par

61 2375 117 2435 est
148 2371 216 2435 ‘thu
246 2370 316 2436 dies
347 2371 413 2437 und
437 2371 525 2436 dasl’
571 2368 690 2435 Similis
713 2385 791 2433 usus
815 2366 957 2449 vestigia
980 2373 1143 2449 apparent
1165 2368 1264 2434 etiarn

60 2475 96 2540 in
120 2475 301 2558 participiis
325 2481 359 2542 et
380 2475 573 2558 nominibus
597 2472 745 2541 velutin
767 2478 845 2537 noto
869 2471 1004 2536 Homeri
1027 2489 1127 2538 versu

285 2586 310 2634 εἰ
329 2580 454 2649 δύναμαι
473 2584 584 2633 τελέσαι
604 2597 631 2631 ιε
651 2584 697 2631 καὶ
719 2582 744 2632 εἰ
762 2578 963 2645 τετελεσμένον
983 2578 1060 2628 ἐστίν

61 2668 270 2751 participium
300 2688 365 2736 non
394 2670 430 2735 id
460 2669 622 2752 significat
651 2666 738 2748 quod
767 2664 833 2731 iam
863 2662 1045 2745 perfectum
1080 2669 1132 2729 est
1164 2669 1263 2744 atqrre

61 2773 248 2839 absolutum
271 2775 329 2839 sed
352 2774 438 2855 quod
460 2773 571 2839 futuro
595 2773 724 2838 demum
751 2777 899 2853 tempore
929 2769 1111 2852 perrectum
1139 2769 1202 2836 erit
1230 2776 1265 2835 et

60 2878 265 2960 absolutum,
297 2879 384 2959 quod
413 2877 536 2960 poterit
569 2876 680 2958 perfici
714 2881 749 2941 et
777 2876 912 2943 absolvi.
964 2875 1104 2958 Propius
1135 2875 1263 2940 accedit

59 2982 105 3048 ao
120 2981 366 3064 participiorum
383 2981 535 3068 ὀνήμενος
559 2980 729 3062 οὐλόμενος
748 2983 947 3060 potestatem
970 2984 1047 3044 scrt.
1064 2978 1262 3045 adiectivum

60 3085 259 3168 cyuslnaaut
282 3086 373 3152 cuius
397 3086 549 3154 vocativo
573 3091 710 3151 utuntur
731 3084 766 3150 in
797 3084 984 3151 verecunda
1013 3083 1151 3150 hominis
1183 3084 1260 3149 allo-

59 3191 192 3258 cutione
216 3190 430 3275 (‘ehrcnvolle
453 3191 621 3277 Aurede').
668 3188 864 3273 apostatant
887 3188 1019 3270 proprie
1041 3188 1165 3254 indicat
1188 3207 1261 3254 eum

59 3293 116 3374 qui
140 3292 267 3378 (longa)
291 3294 361 3360 vita
384 3295 554 3376 praeditus
577 3302 645 3376 est,
676 3294 709 3359 in
733 3293 928 3360 allocutione
951 3299 1079 3374 tamen,
1112 3298 1149 3358 ut
1171 3297 1261 3359 recte

59 3402 198 3463 vertunt
218 3396 450 3481 lexicographi,
475 3419 549 3466 eum
573 3401 642 3465 ‘der
664 3399 716 3465 ein
739 3399 855 3482 langes
879 3399 991 3464 Leben
1014 3398 1120 3462 haben
1144 3398 1260 3479 mige’.
1372 3412 1377 3428 ·

58 3501 186 3567 Eodem
216 3501 311 3566 modo
342 3503 505 3583 permulta
535 3504 666 3569 nomina
696 3503 946 3585 interpretanda
976 3520 1049 3567 esse
1079 3506 1156 3582 post
1184 3501 1259 3577 Pla-

57 3612 170 3672 torrem
209 3606 330 3687 optime
366 3606 537 3673 Miklosich
547 3608 571 3694 ¹)
609 3606 772 3673 intellexit
814 3613 848 3672 et
889 3608 1060 3690 eleganter
1098 3605 1259 3686 exposuit.

58 3709 166 3791 Saepe
190 3709 275 3775 enirn
297 3710 441 3778 infantes
463 3712 595 3778 nomina
610 3718 808 3795 acceperunt
830 3713 871 3777 ab
886 3711 926 3776 iis
949 3729 1034 3790 quae
1050 3708 1180 3775 adultos
1204 3727 1261 3774 eos

58 3833 133 3880 esse
156 3815 330 3880 sortituros
353 3823 531 3883 nancturos
554 3822 782 3899 praestaturos
805 3821 960 3897 parentes
983 3819 1128 3896 sperant.
1174 3814 1259 3880 Pue-

57 3937 131 3984 rum
154 3917 206 3983 cui
230 3919 338 3984 omnia
360 3919 470 3986 fausta
486 3926 664 4003 precantur
687 3921 856 4002 appellant
872 3920 1030 4004 Εὔτυχον,
1055 3919 1107 3984 cni
1128 3918 1259 3984 laudem

58 4022 267 4103 Κλεαίνετον,
292 4024 344 4090 cui
367 4024 469 4091 Vitam
491 4025 623 4107 longam
648 4026 851 4112 Μακρὸβιον.
883 4025 918 4091 Si
941 4024 1102 4108 Ergotimi
1126 4022 1259 4089 artificis

57 4135 202 4195 mentem
225 4147 290 4209 qua
312 4128 377 4195 filio
401 4149 517 4196 nomen
550 4129 708 4216 Εὐχείρου
737 4131 893 4197 indiderit
915 4129 1046 4211 assequi
1069 4134 1103 4196 et
1125 4129 1258 4195 circum-

132 4338 151 4402 ¹)
170 4335 275 4406 Cratyl.
289 4336 369 4390 39³ss
388 4335 476 4390 πολλὰ
493 4339 621 4408 ὀνόματα
640 4331 735 4410 ὥσπερ
755 4337 906 4408 εὐχόμενοι
925 4343 1063 4401 τίθενται,
1084 4330 1146 4393 οἷον
1165 4341 1259 4391 Ειλιοκ

54 4424 142 4491 χνόον
177 4428 292 4477 Σωσίαν
328 4425 479 4493 Θεόφιλον.
515 4453 549 4463 -
580 4425 633 4478 Die
668 4424 790 4492 Bildung
824 4424 873 4479 der
908 4424 974 4479 slav.
1008 4425 1258 4480 Personennamen.

57 4507 214 4564 Denkschr.
234 4507 283 4563 der
302 4508 414 4564 Wiener
433 4507 523 4566 stan
543 4509 592 4565 der
610 4510 691 4571 Wiss.
710 4513 777 4582 phil.
797 4512 860 4571 hist.
880 4512 924 4567 Κλ.
945 4512 970 4566 Χ
989 4516 1078 4582 (1860)
1100 4520 1150 4567 tlt
1169 4530 1209 4582 sq.
