2986 5010
563 194 852 293 -3775

327 389 410 452 leym
429 386 456 440 ἐς
475 383 627 449 Σαλαμῖνα
645 382 844 450 μαχησόμενοι
864 386 928 451 περὶ
950 382 1037 444 νήοου

83 506 179 570 quem
203 487 246 552 ad
268 483 510 551 similitudinem
535 502 650 550 versus
676 491 716 550 M
740 488 803 551 216

327 603 365 674 μὴ
388 609 471 672 ἴομεν
490 606 629 656 Δαναοῖσι
647 607 845 674 μαχησόμενοι
865 612 930 675 περὶ
951 605 1026 670 νοῶν

82 713 204 778 factum
220 727 293 776 esse
309 711 458 790 apparet.
490 707 550 772 rin
573 706 623 773 his
640 707 715 774 ‘ictu
739 709 830 790 epioe
846 708 990 791 produci’
1014 710 1132 775 statuit
1146 710 1279 775 Renner

82 819 116 883 C.
141 816 275 882 Studl
304 818 333 895 2,
358 815 417 893 50,
450 811 543 876 ‘arsis
571 812 613 878 vi'
637 813 823 878 Delbrueck
851 813 928 878 ibid.
952 814 988 878 Π
1013 816 1091 894 198,
1124 813 1277 879 ‘metrice'

83 921 204 987 additis
238 916 395 999 exemplis
431 917 576 992 ἐναέονος
611 913 776 993 ἂθάναεος
809 916 878 981 Leo
908 915 1024 999 Meyer
1056 917 1089 982 1²
1120 920 1183 982 274
1215 937 1279 997 qua

82 1024 298 1107 explicatione
321 1021 413 1087 utin
437 1039 517 1086 voce
540 1019 712 1102 trisyllaba
735 1039 819 1100 quae
839 1040 982 1086 consona
1005 1021 1177 1087 claudatur
1199 1021 1279 1086 nihil

82 1127 259 1211 proficitur.
304 1125 373 1190 Nec
401 1123 517 1189 melius
547 1122 721 1204 explicatio
752 1124 852 1189 cessit
875 1124 921 1188 eis
930 1124 955 1209 ¹)
985 1124 1040 1205 qni
1069 1125 1212 1191 fabulam
1236 1126 1278 1190 de

82 1243 111 1297 ῑο
139 1251 181 1296 ex
216 1228 261 1312 ijo
292 1234 370 1294 nato
401 1226 526 1292 frustra
557 1227 735 1307 amplexati
765 1233 850 1292 sunt.
897 1228 1029 1294 Osthoff
1051 1230 1126 1294 MU.
1157 1230 1205 1294 IV
1235 1230 1278 1294 53

80 1333 179 1417 ’ἴομεν
201 1351 273 1399 esse
302 1327 543 1394 coniunctiyum
567 1347 608 1392 ex
636 1329 712 1394 ficto
736 1330 876 1409 quodam
899 1328 991 1413 *ἶμεν
1020 1331 1065 1416 (1,
1089 1333 1172 1413 plur.
1196 1331 1277 1417 ind.)

82 1439 267 1506 derivatum
304 1433 499 1514 suspicatur.
555 1432 601 1497 At
637 1433 820 1500 huiusmodi
860 1435 996 1501 formam
1030 1455 1093 1502 uno
1127 1435 1279 1503 infinitivi

79 1540 195 1624 ’έμενον
226 1542 274 1623 (Υ
301 1539 380 1620 365)
416 1537 564 1617 exemplo
594 1537 628 1602 in
662 1542 757 1604 tanta
792 1558 944 1606 versuum
978 1539 1033 1619 qui
1061 1541 1136 1623 ἴμεν
1167 1540 1278 1622 ἴμεναι

82 1650 164 1712 ἴέναι
172 1646 200 1729 ²)
236 1645 362 1708 habent
401 1640 608 1706 multitudine
650 1660 709 1722 per
750 1642 828 1708 mihi
869 1649 1021 1725 suspecto
1029 1644 1056 1729 ³)
1094 1663 1159 1710 non
1197 1645 1278 1710 satis

81 1749 214 1816 delendi
242 1765 338 1829 posse
368 1746 440 1810 luce
471 1744 590 1810 clarius
618 1750 678 1811 est.
724 1747 868 1812 Auctore
891 1748 1162 1831 Wackernageho
1194 1766 1278 1813 com-

81 1855 216 1921 mendat
248 1851 289 1918 G.
313 1850 428 1933 Meyer
461 1847 517 1935 ²§
547 1851 641 1915 5831>
670 1868 701 1930 p.
730 1850 811 1931 503,
846 1869 911 1916 non
941 1854 1051 1916 tamen
1083 1851 1152 1917 sine
1187 1852 1276 1917 dubi·

81 1958 216 2039 tatione,
242 1956 349 2037 εἴομεν
376 1954 495 2019 collato
518 1951 696 2035 Sophronis
725 1953 780 2018 εἴα
803 1953 856 2038 (fr.
881 1954 930 2037 2),
955 1953 1046 2021 cuius
1068 1960 1179 2021 tamen
1202 1973 1276 2020 con·

80 2059 216 2127 iunctivi
239 2057 427 2138 ceteroquin
451 2056 539 2138 apud
562 2056 740 2121 Homerum
762 2057 885 2122 nullum
911 2057 1087 2140 vestigium
1110 2063 1279 2140 comparet

80 2160 114 2230 in
136 2164 200 2228 hac
221 2180 258 2227 re
279 2161 359 2226 nihil
389 2178 461 2224 cum
484 2159 617 2224 Ionibus
640 2166 675 2224 et
697 2160 816 2226 Atticis
839 2159 1089 2243 discrepantem.
1121 2161 1277 2228 Omnibus

81 2269 242 2348 quotquot
262 2264 412 2331 recensui
435 2267 569 2345 praeter
594 2263 677 2329 haec
698 2262 784 2328 idem
807 2264 1044 2330 obvertendum
1067 2270 1134 2347 est,
1166 2284 1277 2332 eorum

80 2370 242 2436 neminem
272 2367 431 2433 rationem
461 2365 644 2431 reddidisse
671 2385 729 2430 cur
751 2367 914 2432 Homerus
945 2367 1081 2434 formam
1112 2370 1211 2452 longa
1241 2375 1278 2444 nt

80 2475 184 2557 primo
207 2473 339 2540 videtur
361 2473 476 2537 obtutu
499 2469 605 2537 vocah
627 2469 785 2552 insignem
803 2471 893 2536 nulla
915 2472 981 2537 aha
1001 2471 1034 2537 in
1058 2492 1175 2540 versus
1198 2475 1277 2540 sede

80 2579 143 2645 nisi
176 2578 208 2644 in
244 2576 348 2658 prima
382 2575 575 2640 adhibuerit.
630 2575 713 2639 Nam
747 2576 992 2656 productionem
1027 2598 1123 2658 quam
1158 2584 1278 2661 putant

80 2683 228 2748 omnibus
250 2681 329 2746 locis
352 2680 443 2745 initio
468 2699 584 2745 versus
607 2679 764 2744 adscitam
789 2699 862 2746 esse
885 2681 948 2746 iam
973 2688 1050 2747 ante
1066 2683 1276 2749 Kuehnerum

80 2793 115 2852 et
137 2785 311 2852 Christium
335 2789 451 2849 notatu
481 2784 613 2865 dignum
644 2784 772 2849 censuit
793 2784 932 2851 Ahrens.
978 2787 1058 2852 Mihi
1080 2787 1151 2868 ipse
1178 2793 1277 2869 poeta

80 2909 153 2955 cum
185 2917 210 2953 ω
239 2891 303 2954 432
339 2889 429 2969 ἴομεν
462 2887 496 2952 in
531 2887 640 2954 fronte
673 2889 855 2955 hexametri
890 2890 1066 2957 collocaret
1100 2892 1277 2974 paucisque

80 2992 230 3060 versibus
252 2991 432 3057 interiectis
462 3020 487 3055 ο
510 2994 572 3056 437
604 2992 638 3057 in
661 2993 776 3057 eadem
806 3012 843 3057 re
873 2994 1010 3059 eandem
1040 2993 1175 3060 sormam
1207 3013 1274 3059 cor-

79 3100 177 3177 repta
199 3094 305 3162 vocali
335 3093 420 3178 (ἀλλ’
442 3096 583 3178 ἴομεν14)
607 3095 791 3178 adhiberet,
822 3097 892 3163 loco
921 3097 1029 3178 priore
1052 3117 1157 3178 neque
1178 3094 1277 3180 ἴομεν

153 3321 171 3389 ¹)
191 3320 278 3386 Kaegi
304 3317 373 3374 Phil.
394 3320 460 3371 Ana.
481 3318 520 3371 IX
548 3324 586 3371 15.
623 3320 698 3374 curt.
717 3319 800 3374 Verh.
820 3319 860 3371 11¹
888 3325 926 3371 14.
964 3319 1215 3386 saturninum,
1238 3327 1275 3376 15.

79 3407 169 3461 Aliter
188 3422 277 3474 neque
295 3414 387 3460 tamen
407 3406 507 3459 rectius
526 3406 627 3459 Misteli
654 3405 710 3458 KZ.
730 3405 807 3458 XVll
828 3412 868 3459 83.

151 3497 437 3563 ’1χ4101σῑέμεναι
460 3493 536 3547 verbi
554 3496 636 3561 ἵεμαι
659 3493 832 3560 participium
856 3501 897 3547 ost
918 3493 962 3559 (ci.
987 3509 1029 3550 ex.
1055 3510 1096 3561 gr.
1120 3494 1162 3548 La
1181 3497 1275 3551 Roche

78 3580 112 3632 Η.
132 3578 210 3634 stud.
230 3584 278 3632 11³
297 3578 313 3648 ξ
332 3585 373 3646 st,
393 3585 429 3642 4).

151 3667 172 3733 ³)
199 3689 208 3717 ι
238 3665 358 3733 liquidae
388 3682 439 3734 ope
470 3665 583 3733 produci
620 3667 749 3733 opinatur
784 3667 877 3720 Rasch
908 3667 926 3722 l.
957 3669 973 3722 l.
1008 3675 1038 3721 18
1069 3685 1108 3738 sq.
1140 3676 1274 3739 (ἴμμεναι

79 3751 110 3804 G.
129 3752 272 3805 Hermann
292 3751 342 3819 Op.
363 3753 372 3803 l
394 3757 452 3806 242.
478 3751 588 3804 Bekker
606 3751 673 3805 HBl.
693 3751 705 3803 1
727 3751 779 3818 68),
798 3768 831 3805 ex
851 3771 875 3805 ιε
895 3759 1064 3808 contractum
1085 3770 1143 3810 esse
1163 3758 1274 3812 Curtius

78 3838 201 3894 Verb.¹1
223 3844 280 3895 180.
298 3838 325 3892 11
341 3844 398 3904 118,
417 3846 529 3899 εἴμεναι
549 3839 695 3907 genuinam
715 3838 832 3892 formam
845 3838 1046 3909 Wackernagel
1064 3848 1092 3895 et
1110 3843 1141 3897 G.
1155 3844 1250 3913 Meyer
1265 3853 1275 3883 ¹

77 3925 179 3994 §485‚
208 3930 219 3978 1
247 3941 274 3991 p.
300 3931 351 3978 428
379 3942 446 3993 quos
473 3927 519 3994 qui
546 3924 686 3993 improbat
712 3923 876 3980 Osthoiiium
905 3941 955 3993 ego
981 3944 1035 3982 non
1064 3930 1151 3996 magis
1178 3930 1273 3996 probo.

78 4012 246 4066 coniecerim
266 4027 315 4079 pro
331 4015 408 4083 εμίνο
428 4013 454 4065 d‘
473 4019 568 4082 ἴμεναι
588 4013 649 4067 ἄνι’
669 4015 790 4082 Ἀχιλῆος
807 4012 980 4067 scribendum
1000 4030 1059 4068 esse
1071 4018 1149 4084 ‹priro
1169 4018 1193 4070 δ’
1210 4019 1273 4072 ἄνι’

73 4097 176 4169 ‘ipsam
196 4101 327 4168 Ἀχιλῆος,
347 4099 380 4153 de
400 4120 429 4151 αι
455 4100 484 4152 in
508 4107 529 4152 5.
550 4100 619 4166 pede
641 4108 706 4153 ante
730 4100 850 4154 vocalem
877 4100 1009 4168 producto
1037 4103 1146 4158 collatis
1171 4112 1197 4159 E
1213 4113 1273 4164 486.

78 4192 184 4241 111386.
214 4191 313 4240 2222.
341 4188 409 4240 das
434 4187 468 4254 (Ω
489 4192 537 4239 198
556 4193 630 4241 ἰέναι
656 4192 702 4241 ἐπὶ
728 4188 755 4241 in
781 4190 832 4254 2.),
860 4189 894 4241 de
921 4189 1103 4245 collocatione
1127 4194 1273 4248 verborum

77 4279 104 4326 Φ
125 4277 156 4324 lb
176 4275 242 4326 α’νιί
262 4279 305 4325 roi
323 4272 380 4341 εἶμ’
399 4277 503 4327 ἱκέταο.

149 4361 170 4424 ⁴)
191 4363 214 4417 Ξ
238 4365 286 4412 128
313 4361 386 4414 δεῦτ’
408 4357 510 4430 ἴομεν,
534 4366 585 4412 346
610 4360 671 4413 ἔνθ’
687 4360 788 4426 tonsu:
808 4368 856 4415 314
875 4362 969 4432 κιομεν.
998 4370 1098 4418 111216
1117 4366 1271 4437 radianter:

79 4444 171 4500 Solon.
191 4451 216 4512 2,
235 4451 250 4498 3
266 4444 362 4514 ἴομεν.
