2986 5010
590 224 826 287 —325-

108 415 365 496 componendum
395 434 466 480 oum
499 414 667 478 naamitto
699 416 876 497 ααμιραιίω
907 413 961 497 (cf.
991 414 1149 497 Whitney
1180 434 1303 483 sanscr.

106 518 420 604 gromm.§1016).
467 518 531 582 Sed
561 517 725 583 intensiva
756 517 945 597 praesentia
976 517 1074 583 etiam
1106 518 1176 584 sine
1200 521 1305 586 vocali

108 624 284 689 thematica
306 626 395 690 facta
419 645 491 690 esse
511 624 696 689 testimonio
719 623 852 705 linguae
874 623 1085 689 sanseriticae
1109 623 1305 708 (bu-bouus,

107 728 264 811 Whitney
296 730 315 816 ξ
348 730 443 815 1006)
478 737 512 794 et
545 728 655 811 graeci
691 729 877 813 dplex-zoa
912 734 1058 810 constet,
1094 729 1195 810 igitur
1225 729 1303 795 nihil

105 834 242 914 impedit
272 834 442 914 quominus
473 838 584 897 aetate
615 833 795 898 vetustiore
825 833 917 897 iuxta
941 831 1151 913 *noa-nvi-jo
1179 834 1212 898 in
1244 855 1303 900 usu

105 936 207 1003 fuisse
238 957 401 1002 sumamus
434 937 661 1015 ’ποτ’-ανῦ-μεν
699 936 905 999 *nol-nvom
946 933 1215 1020 *not-nvdlflaor
1247 939 1301 1023 (01.

106 1061 190 1122 quae
215 1041 354 1107 diximus
381 1042 422 1106 de
453 1038 689 1123 1ααιιιί·ι),1αιαι
721 1045 764 1103 et.
783 1041 858 1104 inde
889 1058 1049 1121 suspensa
1080 1044 1223 1108 secunda
1254 1062 1301 1126 sg.

107 1147 253 1231 τιέσνύσ).
283 1146 312 1209 Ε
333 1142 578 1228 *opuntia-aut
604 1150 676 1209 orta
700 1150 751 1208 esi
773 1163 859 1210 nova
882 1144 986 1209 forma
1011 1142 1195 1227 bernuidflw
1219 1146 1303 1212 sicut

106 1270 147 1314 ex
172 1251 304 1331 *duston
328 1249 422 1331 rivfw,
448 1269 487 1315 811
512 1250 675 1328 *indeficue
703 1248 817 1328 industri
841 1247 957 1331 (supra
980 1267 1010 1329 p.
1040 1250 1122 1328 122).
1159 1248 1302 1316 notario

105 1356 193 1435 apud
217 1355 393 1419 Homerum
417 1354 542 1419 duobus
565 1354 644 1418 locis
666 1353 732 1435 legi
754 1352 817 1417 ianr
842 1352 1008 1419 adnotavi.

192 1459 222 1523 A
250 1465 344 1542 ,ιερῦε
373 1468 433 1543 spo
465 1459 615 1523 ‘trahere’
648 1456 867 1538 separandum
876 1456 900 1541 ¹)
931 1456 1128 1522 homericum
1159 1461 1231 1543 iob.-
1263 1458 1301 1544 ρῑι

105 1563 291 1629 ‘defendere
315 1581 450 1628 servare
473 1581 585 1626 arcere
609 1562 760 1628 retinere'
785 1563 1028 1628 demonstratur

195 1671 220 1731 1.
256 1667 397 1732 notionis
433 1667 635 1733 diversitate.
690 1667 771 1732 Nam
806 1667 952 1748 quisquis
992 1668 1061 1734 sine
1096 1669 1300 1750 opinionibus

103 1771 288 1854 praeceptis
316 1771 509 1836 Buttmanni
537 1771 789 1852 disputationem
820 1792 885 1852 qua
911 1773 966 1838 ille
998 1773 1070 1850 τοὺς
1099 1776 1301 1858 χωριζοιτας

103 1875 230 1942 studuit
258 1874 408 1940 refellere
439 1874 625 1956 perlegerit,
661 1876 817 1941 concedet
847 1877 957 1942 multis
987 1877 1136 1944 versibus
1164 1879 1299 1944 verbum

104 1980 265 2046 ‘trahendi
299 1978 457 2060 rapiendi’
489 1979 636 2043 adhiberi
670 1999 733 2044 non
768 1999 864 2061 posse
896 1980 957 2046 nisi
989 1981 1180 2063 ambagibus
1214 2002 1299 2062 quae

102 2104 218 2168 parum
240 2084 385 2149 habeant
407 2082 646 2164 probabilitatis
670 2089 702 2148 et
730 2090 899 2166 tortuosae
922 2084 1202 2166 interpretationis
1232 2106 1298 2150 ma·

102 2190 215 2255 chinis.
262 2188 346 2270 Quin
369 2188 465 2252 immo
489 2187 528 2252 iis
550 2187 631 2268 ipsis
660 2186 739 2251 locis
771 2187 824 2252 ubi
853 2188 924 2267 quis
954 2189 995 2253 de
1016 2186 1118 2269 feodo
1148 2188 1297 2272 (uieben,

101 2294 226 2360 reissen
261 2312 321 2358 aus
355 2292 414 2357 der
444 2290 577 2356 Gefahr'
610 2291 806 2376 Buttmann)
841 2290 985 2373 cogitare
1020 2297 1121 2371 queat
1151 2290 1195 2375 (E
1223 2295 1297 2358 344.

102 2408 138 2465 Λ
162 2402 235 2465 303.
270 2399 395 2483 193),
431 2396 654 2462 desideramus
685 2395 944 2461 additamentum
976 2415 1039 2476 quo
1070 2396 1159 2461 notio
1190 2397 1298 2462 unde

100 2504 278 2583 indicetur,
311 2501 380 2568 sive
411 2498 652 2565 substantivum
684 2498 791 2583 (velut
818 2498 958 2564 adicitur
988 2499 1048 2565 ὑπὸ
1077 2499 1192 2583 Τρώων
1223 2499 1296 2582 ὀρυ-

101 2614 228 2694 μαγδοῦ
264 2615 283 2673 1
310 2609 388 2688 248;
425 2610 563 2687 ‘raptum
598 2605 718 2686 pugua’
749 2603 872 2686 Vergil.
904 2605 986 2669 Aen.
1017 2604 1068 2669 IX
1103 2606 1183 2684 213,
1222 2605 1297 2669 ὑπὲκ

104 2713 246 2779 θανάτου
271 2711 437 2796 ἀγάγωμεν
466 2709 591 2794 Υ300)
615 2708 684 2775 Sive
709 2707 899 2773 adverbium
923 2708 955 2784 ἔξ
980 2706 1050 2790 (τὸν
1074 2707 1104 2772 δ”
1120 2708 1297 2793 ἐξήρπαξεν

103 2818 269 2883 Ἀπόλλων
291 2819 394 2882 Y443
418 2851 441 2866 w
463 2819 516 2880 νῦν
538 2807 616 2879 αὖτέ
631 2813 660 2877 o'
677 2812 842 2895 ἐρύσσατο
862 2816 983 2894 Φοῖβος
999 2810 1166 2878 Ἀπόλλων
1181 2820 1216 2878 Λ
1233 2816 1297 2878 303

100 2922 186 3002 quod
214 2921 352 2987 Romani
381 2921 642 3002 interpretantur
673 2917 729 2983 ‘sic
759 2936 810 2981 me
841 2916 990 2983 servavit
1019 2917 1146 2997 Apollo’
1179 2917 1295 2982 Horat.

100 3027 203 3092 satl
232 3029 261 3106 9,
287 3027 353 3111 ta).
399 3025 494 3108 Qurod
525 3025 567 3089 ad
602 3021 765 3088 notionem
796 3021 932 3102 attinet,
965 3024 1038 3103 ipo:
1073 3021 1112 3104 io
1143 3027 1296 3086 accurate

99 3131 278 3213 respondet
307 3129 434 3212 graecis
467 3128 579 3216 σῴζειν
611 3125 820 3212 paldonem)
856 3131 890 3191 et
919 3125 1021 3191 latino
1052 3147 1180 3190 sensusne
1210 3124 1296 3205 qnod

99 3240 188 3299 recte
212 3232 416 3314 comparavit
438 3233 568 3297 Ahrens
591 3232 675 3315 (rad.
699 3240 789 3296 seru:
812 3245 883 3313 sru;
908 3238 974 3313 got.
1000 3251 1095 3295 σανοο
1113 3230 1293 3312 ‘Riistung',

99 3339 148 3404 zd.
181 3337 312 3412 1001οο
341 3337 423 3402 Fiok
454 3337 514 3402 Od.
547 3336 609 3420 12).
660 3336 745 3401 Hinc
774 3354 859 3415 quae
890 3335 1033 3400 derivari
1063 3333 1176 3414 nequit
1206 3333 1294 3398 notio

100 3442 252 3509 ‘arcendi'
278 3441 458 3507 ‘retinendi'
484 3441 625 3507 fortasse
649 3440 852 3505 extrinsecus
876 3439 1050 3518 adsumpta
1074 3444 1166 3502 estc
1193 3438 1294 3502 verbo

98 3547 210 3613 similis
233 3545 358 3612 formae
381 3546 439 3611 sed
463 3545 596 3628 originis
620 3545 771 3612 diversae
796 3541 930 3629 ἑρΰκωθ)
962 3543 1048 3622 quod
1076 3560 1148 3606 oum
1172 3538 1295 3624 ἐρητύω

171 3723 190 3789 1)
209 3722 252 3775 Sic
277 3721 337 3776 iuro
362 3728 512 3787 praeeunte
537 3718 644 3787 Heynio
670 3717 779 3770 Abrens
805 3715 898 3772 ZAW.
920 3720 1001 3781 1880,
1027 3719 1090 3782 808,
1118 3712 1175 3767 Leo
1201 3711 1296 3780 Meyer

98 3808 155 3864 KZ.
174 3807 239 3862 XIV
258 3814 304 3873 88,
327 3807 404 3860 Knds
424 3805 457 3860 de
476 3806 614 3873 digammo
636 3810 692 3858 101.
715 3809 778 3869 181,
803 3802 896 3856 Christ
921 3802 952 3859 11.
970 3801 1093 3869 prolegg.
1117 3806 1179 3866 1613
1197 3797 1295 3867 quibus

98 3893 203 3949 frustra
231 3893 354 3948 oblocuti
383 3900 446 3947 sunt
474 3893 627 3946 Buttmann
652 3889 739 3943 Lexil.
765 3890 777 3942 l
802 3897 855 3947 art.
882 3895 927 3952 18,
953 3888 1079 3956 Spitzner
1106 3886 1153 3942 Gr.
1181 3885 1293 3940 Prosod.

98 3986 130 4034 88
150 3980 207 4040 alii.
245 3979 286 4035 cf.
307 3981 390 4034 etiam
410 3979 544 4033 Thiaraeh
564 3978 610 4032 Gr.
630 3977 690 4032 (ir.⁸
709 3976 724 4047 5
746 3982 803 4043 188,
823 3983 847 4030 8.

170 4068 189 4137 ¹)
209 4074 232 4122 Ο
251 4071 302 4119 200
322 4068 459 4139 ἐρρύσατο
485 4073 530 4118 καιΙ
557 4068 683 4120 ἐσάωσεν
706 4065 732 4135 (χ
754 4069 818 4134 312;
841 4072 868 4118 K
886 4070 936 4133 44).
957 4094 988 4103 -
1009 4065 1022 4122 ξ
1043 4070 1088 4117 101
1110 4064 1245 4134 φυλάσσω
1265 4082 1293 4117 τε

97 4158 221 4229 ῤῥύομαί
239 4174 267 4208 τε
287 4156 314 4220 (ο
333 4159 382 4222 35;
407 4160 434 4207 K
452 4155 522 4220 411).
542 4183 572 4191 -
590 4174 612 4206 m
634 4157 684 4206 403
704 4151 728 4218 ιζ’
748 4156 786 4206 ἔτι
806 4152 836 4221 μ’
857 4151 922 4207 αὖθ’
947 4155 1072 4225 εἰρύαται
1099 4150 1191 4205 οἴκαδ’
1214 4152 1294 4205 ἰόντα

97 4241 263 4310 (8011811810)
287 4267 314 4286 w
335 4242 420 4294 (1610
448 4243 525 4311 ὄφρα
552 4262 605 4309 μιν
633 4240 721 4293 αύτὸν
749 4242 829 4294 ἰόντα
857 4243 1012 4310 λοχήσομαι
1041 4240 1088 4305 'fut
1117 4239 1240 4310 φυλάξω,
1262 4269 1291 4276 -

96 4336 126 4384 Α
143 4335 194 4383 alo
213 4333 281 4389 ἔπος
302 4331 486 4402 εἰρύσσασθαι
505 4325 676 4396 (observare,
696 4326 835 4395 befolgen)
854 4350 883 4369 ω
904 4332 935 4378 H
952 4332 1002 4379 080
1022 4331 1090 4385 ἕσας
1109 4325 1240 4396 φύλαξεν.
1262 4355 1291 4363 -

97 4415 140 4473 Cf.
159 4417 242 4470 otiam
262 4416 433 4484 epimetrum.

169 4503 188 4560 ³)
208 4501 268 4554 1“ι1”
288 4504 339 4556 ούκ
364 4504 446 4570 ἔγχος
472 4506 554 4571 (poro
579 4504 604 4553 E
622 4507 671 4555 538
697 4499 741 4567 (tle
765 4503 852 4570 scuto)
871 4526 899 4546 w
919 4503 1036 4575 ἐρύκακε
1061 4501 1117 4576 γὰρ
1137 4502 1292 4575 τρυφάλεια
