<?xml version="1.0" encoding="UTF-8"?>
<!DOCTYPE html PUBLIC "-//W3C//DTD XHTML 1.0 Transitional//EN"
    "http://www.w3.org/TR/xhtml1/DTD/xhtml1-transitional.dtd">
<html xmlns="http://www.w3.org/1999/xhtml" xml:lang="en" lang="en">
 <head>
  <title>
</title>
<meta http-equiv="Content-Type" content="text/html;charset=utf-8" />
  <meta name='ocr-system' content='tesseract 3.04.00' />
  <meta name='ocr-capabilities' content='ocr_page ocr_carea ocr_par ocr_line ocrx_word'/>
</head>
<body>
  <div class='ocr_page' id='page_1' title='image "./quaestionesepca00schugoog_0441.png"; bbox 0 0 2956 5018; ppageno 0'>
   <div class='ocr_carea' id='block_1_1' title="bbox 688 232 925 296">
    <p class='ocr_par' dir='ltr' id='par_1_1' title="bbox 688 232 925 296">
     <span class='ocr_line' id='line_1_1' title="bbox 688 232 925 296; baseline 0 0"><span class='ocrx_word' id='word_1_1' title='bbox 688 232 925 296; x_wconf 77' lang='lat'>-428-</span> 
     </span>
    </p>
   </div>
   <div class='ocr_carea' id='block_1_2' title="bbox 207 406 1406 1648">
    <p class='ocr_par' dir='ltr' id='par_1_2' title="bbox 207 406 1406 1648">
     <span class='ocr_line' id='line_1_2' title="bbox 208 406 1397 505; baseline -0.002 -20"><span class='ocrx_word' id='word_1_2' title='bbox 208 420 272 485; x_wconf 87' lang='lat' dir='ltr'>iam</span> <span class='ocrx_word' id='word_1_3' title='bbox 291 420 425 485; x_wconf 84' lang='lat' dir='ltr'><strong>Homeri</strong></span> <span class='ocrx_word' id='word_1_4' title='bbox 448 406 647 502; x_wconf 89' lang='lat' dir='ltr'>temporibus</span> <span class='ocrx_word' id='word_1_5' title='bbox 657 421 681 505; x_wconf 88' lang='lat'>¹)</span> <span class='ocrx_word' id='word_1_6' title='bbox 705 420 895 486; x_wconf 84' lang='lat' dir='ltr'>decurtatus</span> <span class='ocrx_word' id='word_1_7' title='bbox 918 419 1040 486; x_wconf 84' lang='lat' dir='ltr'>formas</span> <span class='ocrx_word' id='word_1_8' title='bbox 1063 419 1210 501; x_wconf 90' lang='lat' dir='ltr'>coepisse</span> <span class='ocrx_word' id='word_1_9' title='bbox 1234 416 1276 484; x_wconf 56' lang='lat' dir='ltr'>in‘</span> <span class='ocrx_word' id='word_1_10' title='bbox 1293 420 1397 485; x_wconf 83' lang='lat' dir='ltr'>desua·</span> 
     </span>
     <span class='ocr_line' id='line_1_3' title="bbox 208 522 1403 608; baseline -0.002 -20"><span class='ocrx_word' id='word_1_11' title='bbox 208 523 353 589; x_wconf 82' lang='lat' dir='ltr'>tudinem</span> <span class='ocrx_word' id='word_1_12' title='bbox 377 523 467 589; x_wconf 87' lang='lat' dir='ltr'>abire</span> <span class='ocrx_word' id='word_1_13' title='bbox 490 522 660 605; x_wconf 90' lang='lat' dir='ltr'>quominus</span> <span class='ocrx_word' id='word_1_14' title='bbox 672 528 857 606; x_wconf 86' lang='lat' dir='ltr'>&#39;sumamus;</span> <span class='ocrx_word' id='word_1_15' title='bbox 882 523 1009 590; x_wconf 84' lang='lat' dir='ltr'>accedit</span> <span class='ocrx_word' id='word_1_16' title='bbox 1031 523 1117 605; x_wconf 88' lang='lat' dir='ltr'>quod</span> <span class='ocrx_word' id='word_1_17' title='bbox 1140 523 1257 588; x_wconf 86' lang='lat' dir='ltr'>duales</span> <span class='ocrx_word' id='word_1_18' title='bbox 1272 523 1307 588; x_wconf 92' lang='lat' dir='ltr'>in</span> <span class='ocrx_word' id='word_1_19' title='bbox 1329 529 1403 608; x_wconf 59' lang='grc' dir='ltr'>σοι</span> 
     </span>
     <span class='ocr_line' id='line_1_4' title="bbox 209 627 1402 695; baseline -0.001 -2"><span class='ocrx_word' id='word_1_20' title='bbox 209 628 311 694; x_wconf 82' lang='lat' dir='ltr'>sicubi</span> <span class='ocrx_word' id='word_1_21' title='bbox 332 627 365 694; x_wconf 93' lang='lat' dir='ltr'>in</span> <span class='ocrx_word' id='word_1_22' title='bbox 396 629 542 694; x_wconf 78' lang='lat' dir='ltr'>clausula</span> <span class='ocrx_word' id='word_1_23' title='bbox 565 633 599 694; x_wconf 91' lang='lat' dir='ltr'>et</span> <span class='ocrx_word' id='word_1_24' title='bbox 626 635 703 693; x_wconf 90' lang='lat' dir='ltr'>ante</span> <span class='ocrx_word' id='word_1_25' title='bbox 734 646 893 694; x_wconf 87' lang='lat' dir='ltr'>consonas</span> <span class='ocrx_word' id='word_1_26' title='bbox 922 628 1028 694; x_wconf 90' lang='lat' dir='ltr'>locum</span> <span class='ocrx_word' id='word_1_27' title='bbox 1054 629 1254 695; x_wconf 86' lang='lat' dir='ltr'>invenerant</span> <span class='ocrx_word' id='word_1_28' title='bbox 1283 644 1305 691; x_wconf 91' lang='lat' dir='ltr'>a</span> <span class='ocrx_word' id='word_1_29' title='bbox 1335 627 1402 692; x_wconf 85' lang='lat' dir='ltr'>rhu·</span> 
     </span>
     <span class='ocr_line' id='line_1_5' title="bbox 208 729 1404 813; baseline 0 -17"><span class='ocrx_word' id='word_1_30' title='bbox 208 731 319 813; x_wconf 90' lang='lat' dir='ltr'>psodis</span> <span class='ocrx_word' id='word_1_31' title='bbox 343 732 396 811; x_wconf 89' lang='lat' dir='ltr'>qui</span> <span class='ocrx_word' id='word_1_32' title='bbox 418 731 630 797; x_wconf 89' lang='lat' dir='ltr'>insolentiora</span> <span class='ocrx_word' id='word_1_33' title='bbox 653 737 766 797; x_wconf 89' lang='lat' dir='ltr'>amant</span> <span class='ocrx_word' id='word_1_34' title='bbox 786 729 945 798; x_wconf 87' lang='lat' dir='ltr'>infestare</span> <span class='ocrx_word' id='word_1_35' title='bbox 965 731 1116 798; x_wconf 79' lang='lat' dir='ltr'>facillime</span> <span class='ocrx_word' id='word_1_36' title='bbox 1138 730 1246 799; x_wconf 88' lang='lat' dir='ltr'>vocali</span> <span class='ocrx_word' id='word_1_37' title='bbox 1263 757 1278 796; x_wconf 79' lang='grc' dir='ltr'><strong><em>ε</em></strong></span> <span class='ocrx_word' id='word_1_38' title='bbox 1294 730 1404 797; x_wconf 88' lang='lat' dir='ltr'>donan&#39;</span> 
     </span>
     <span class='ocr_line' id='line_1_6' title="bbox 207 833 1404 917; baseline -0.002 -16"><span class='ocrx_word' id='word_1_39' title='bbox 207 835 319 916; x_wconf 84' lang='lat' dir='ltr'>itaque</span> <span class='ocrx_word' id='word_1_40' title='bbox 340 835 373 900; x_wconf 92' lang='lat' dir='ltr'>in</span> <span class='ocrx_word' id='word_1_41' title='bbox 389 836 443 900; x_wconf 95' lang='grc' dir='ltr'>ΙΙΙ</span> <span class='ocrx_word' id='word_1_42' title='bbox 465 836 547 917; x_wconf 86' lang='lat' dir='ltr'>plur.</span> <span class='ocrx_word' id='word_1_43' title='bbox 564 835 683 901; x_wconf 86' lang='lat' dir='ltr'>mutari</span> <span class='ocrx_word' id='word_1_44' title='bbox 705 841 891 916; x_wconf 87' lang='lat' dir='ltr'>potuerunt.</span> <span class='ocrx_word' id='word_1_45' title='bbox 929 835 977 901; x_wconf 91' lang='lat' dir='ltr'>Ut</span> <span class='ocrx_word' id='word_1_46' title='bbox 998 833 1075 899; x_wconf 89' lang='lat' dir='ltr'>mihi</span> <span class='ocrx_word' id='word_1_47' title='bbox 1090 833 1219 914; x_wconf 86' lang='lat' dir='ltr'>quidem</span> <span class='ocrx_word' id='word_1_48' title='bbox 1244 834 1404 901; x_wconf 79' lang='lat' dir='ltr'>incautius</span> 
     </span>
     <span class='ocr_line' id='line_1_7' title="bbox 209 939 1405 1025; baseline -0.001 -20"><span class='ocrx_word' id='word_1_49' title='bbox 209 959 308 1023; x_wconf 83' lang='lat' dir='ltr'>agere</span> <span class='ocrx_word' id='word_1_50' title='bbox 331 939 483 1007; x_wconf 85' lang='lat' dir='ltr'>videatur</span> <span class='ocrx_word' id='word_1_51' title='bbox 505 939 649 1020; x_wconf 89' lang='lat' dir='ltr'>quisquis</span> <span class='ocrx_word' id='word_1_52' title='bbox 673 944 806 1021; x_wconf 82' lang='lat' dir='ltr'>praeter</span> <span class='ocrx_word' id='word_1_53' title='bbox 834 939 976 1025; x_wconf 70' lang='grc' dir='ltr'><strong><em>μιάνθην</em></strong></span> <span class='ocrx_word' id='word_1_54' title='bbox 999 945 1031 1005; x_wconf 87' lang='grc' dir='ltr'><em>Δ</em></span> <span class='ocrx_word' id='word_1_55' title='bbox 1055 941 1116 1004; x_wconf 82' lang='grc'>146</span> <span class='ocrx_word' id='word_1_56' title='bbox 1140 939 1240 1004; x_wconf 87' lang='lat' dir='ltr'>ullam</span> <span class='ocrx_word' id='word_1_57' title='bbox 1272 939 1405 1005; x_wconf 82' lang='lat' dir='ltr'>similem</span> 
     </span>
     <span class='ocr_line' id='line_1_8' title="bbox 208 1042 1404 1125; baseline -0.001 -16"><span class='ocrx_word' id='word_1_58' title='bbox 208 1043 343 1109; x_wconf 78' lang='lat' dir='ltr'>formam</span> <span class='ocrx_word' id='word_1_59' title='bbox 368 1045 454 1125; x_wconf 88' lang='lat' dir='ltr'>apud</span> <span class='ocrx_word' id='word_1_60' title='bbox 470 1044 647 1110; x_wconf 90' lang='lat' dir='ltr'>Homerum</span> <span class='ocrx_word' id='word_1_61' title='bbox 671 1062 812 1124; x_wconf 90' lang='lat' dir='ltr'>unquam</span> <span class='ocrx_word' id='word_1_62' title='bbox 835 1043 984 1109; x_wconf 79' lang='lat' dir='ltr'>extitisse</span> <span class='ocrx_word' id='word_1_63' title='bbox 1007 1042 1208 1109; x_wconf 87' lang='lat' dir='ltr'>confidenter</span> <span class='ocrx_word' id='word_1_64' title='bbox 1222 1043 1404 1125; x_wconf 77' lang='lat' dir='ltr'>negaverit</span> 
     </span>
     <span class='ocr_line' id='line_1_9' title="bbox 209 1146 1406 1235; baseline 0.001 -22"><span class='ocrx_word' id='word_1_65' title='bbox 209 1146 248 1213; x_wconf 78' lang='grc' dir='ltr'><strong><em>σί.</em></strong></span> <span class='ocrx_word' id='word_1_66' title='bbox 273 1152 312 1212; x_wconf 81' lang='grc'>11·</span> <span class='ocrx_word' id='word_1_67' title='bbox 332 1149 395 1213; x_wconf 80' lang='grc'>’192</span> <span class='ocrx_word' id='word_1_68' title='bbox 431 1152 682 1235; x_wconf 77' lang='grc' dir='ltr'><strong><em>στρεφεδίνηθεν</em></strong></span> <span class='ocrx_word' id='word_1_69' title='bbox 717 1149 752 1214; x_wconf 84' lang='grc' dir='ltr'>δέ</span> <span class='ocrx_word' id='word_1_70' title='bbox 782 1149 810 1213; x_wconf 74' lang='lat' dir='ltr'>oi</span> <span class='ocrx_word' id='word_1_71' title='bbox 843 1147 938 1228; x_wconf 76' lang='grc' dir='ltr'><strong><em>ὄσσε,</em></strong></span> <span class='ocrx_word' id='word_1_72' title='bbox 975 1154 1003 1212; x_wconf 90' lang='lat' dir='ltr'><em>T</em></span> <span class='ocrx_word' id='word_1_73' title='bbox 1030 1150 1067 1212; x_wconf 78' lang='lat'>17</span> <span class='ocrx_word' id='word_1_74' title='bbox 1104 1146 1183 1214; x_wconf 82' lang='grc' dir='ltr'>ὄσσε</span> <span class='ocrx_word' id='word_1_75' title='bbox 1206 1147 1406 1234; x_wconf 72' lang='grc' dir='ltr'>ἐξεφάανθεν</span> 
     </span>
     <span class='ocr_line' id='line_1_10' title="bbox 209 1251 1405 1338; baseline 0.002 -22"><span class='ocrx_word' id='word_1_76' title='bbox 209 1251 256 1336; x_wconf 91' lang='lat' dir='ltr'>(in</span> <span class='ocrx_word' id='word_1_77' title='bbox 278 1251 357 1338; x_wconf 86' lang='lat' dir='ltr'>fine)</span> <span class='ocrx_word' id='word_1_78' title='bbox 388 1253 443 1319; x_wconf 91' lang='lat' dir='ltr'>ubi</span> <span class='ocrx_word' id='word_1_79' title='bbox 473 1254 601 1319; x_wconf 86' lang='lat' dir='ltr'>collatis</span> <span class='ocrx_word' id='word_1_80' title='bbox 632 1255 751 1319; x_wconf 87' lang='lat' dir='ltr'>P680.</span> <span class='ocrx_word' id='word_1_81' title='bbox 788 1259 817 1318; x_wconf 85' lang='lat' dir='ltr'><em>T</em></span> <span class='ocrx_word' id='word_1_82' title='bbox 834 1256 908 1319; x_wconf 85' lang='grc'><strong>366.</strong></span> <span class='ocrx_word' id='word_1_83' title='bbox 944 1255 976 1317; x_wconf 77' lang='grc' dir='ltr'><strong><em>Ψ</em></strong></span> <span class='ocrx_word' id='word_1_84' title='bbox 992 1255 1057 1318; x_wconf 84' lang='grc'>463</span> <span class='ocrx_word' id='word_1_85' title='bbox 1080 1272 1128 1333; x_wconf 87' lang='lat' dir='ltr'>sq.</span> <span class='ocrx_word' id='word_1_86' title='bbox 1158 1252 1248 1317; x_wconf 94' lang='lat' dir='ltr'>nullo</span> <span class='ocrx_word' id='word_1_87' title='bbox 1275 1251 1405 1336; x_wconf 79' lang='lat' dir='ltr'>negotio</span> 
     </span>
     <span class='ocr_line' id='line_1_11' title="bbox 208 1355 1405 1444; baseline 0 -24"><span class='ocrx_word' id='word_1_88' title='bbox 208 1355 337 1422; x_wconf 88' lang='lat' dir='ltr'>dualem</span> <span class='ocrx_word' id='word_1_89' title='bbox 370 1356 403 1421; x_wconf 90' lang='lat' dir='ltr'>in</span> <span class='ocrx_word' id='word_1_90' title='bbox 438 1364 518 1444; x_wconf 72' lang='grc' dir='ltr'>-θφ</span> <span class='ocrx_word' id='word_1_91' title='bbox 551 1376 707 1425; x_wconf 82' lang='lat' dir='ltr'>revocare</span> <span class='ocrx_word' id='word_1_92' title='bbox 742 1356 864 1438; x_wconf 80' lang='lat' dir='ltr'>possis3</span> <span class='ocrx_word' id='word_1_93' title='bbox 900 1355 1048 1422; x_wconf 88' lang='lat' dir='ltr'>similiter</span> <span class='ocrx_word' id='word_1_94' title='bbox 1081 1364 1117 1423; x_wconf 88' lang='lat' dir='ltr'><em>A</em></span> <span class='ocrx_word' id='word_1_95' title='bbox 1152 1358 1225 1422; x_wconf 84' lang='lat'>200.</span> <span class='ocrx_word' id='word_1_96' title='bbox 1262 1363 1298 1421; x_wconf 84' lang='grc' dir='ltr'><em>Π</em></span> <span class='ocrx_word' id='word_1_97' title='bbox 1334 1359 1405 1423; x_wconf 82' lang='grc'><strong>439.</strong></span> 
     </span>
     <span class='ocr_line' id='line_1_12' title="bbox 209 1447 1290 1546; baseline -0.001 -21"><span class='ocrx_word' id='word_1_98' title='bbox 209 1462 328 1526; x_wconf 83' lang='lat' dir='ltr'>roae.</span> <span class='ocrx_word' id='word_1_99' title='bbox 357 1461 389 1524; x_wconf 84' lang='grc' dir='ltr'><strong><em>ν</em></strong></span> <span class='ocrx_word' id='word_1_100' title='bbox 406 1464 468 1527; x_wconf 81' lang='lat' dir='ltr'>aar</span> <span class='ocrx_word' id='word_1_101' title='bbox 493 1447 541 1546; x_wconf 78' lang='lat' dir='ltr'>(e</span> <span class='ocrx_word' id='word_1_102' title='bbox 565 1464 606 1526; x_wconf 82' lang='lat'>74</span> <span class='ocrx_word' id='word_1_103' title='bbox 631 1459 768 1541; x_wconf 66' lang='grc' dir='ltr'><strong><em>ὲζιιοηι</em></strong></span> <span class='ocrx_word' id='word_1_104' title='bbox 791 1498 832 1507; x_wconf 92' lang='grc'><strong>-</strong></span> <span class='ocrx_word' id='word_1_105' title='bbox 857 1459 997 1546; x_wconf 55' lang='lat' dir='ltr'>eapse).</span> <span class='ocrx_word' id='word_1_106' title='bbox 1030 1490 1051 1526; x_wconf 74' lang='grc' dir='ltr'><strong><em>ι</em></strong></span> <span class='ocrx_word' id='word_1_107' title='bbox 1077 1462 1148 1526; x_wconf 78' lang='lat'>175.</span> <span class='ocrx_word' id='word_1_108' title='bbox 1174 1462 1290 1526; x_wconf 68' lang='lat'><strong>1472.</strong></span> 
     </span>
     <span class='ocr_line' id='line_1_13' title="bbox 294 1563 1406 1648; baseline -0.001 -19"><span class='ocrx_word' id='word_1_109' title='bbox 294 1564 423 1630; x_wconf 88' lang='lat' dir='ltr'>Pendet</span> <span class='ocrx_word' id='word_1_110' title='bbox 443 1565 531 1631; x_wconf 89' lang='lat' dir='ltr'>inter</span> <span class='ocrx_word' id='word_1_111' title='bbox 552 1565 780 1648; x_wconf 82' lang='lat' dir='ltr'>grammaticos</span> <span class='ocrx_word' id='word_1_112' title='bbox 802 1564 842 1630; x_wconf 92' lang='lat' dir='ltr'>lis</span> <span class='ocrx_word' id='word_1_113' title='bbox 866 1564 908 1629; x_wconf 90' lang='lat' dir='ltr'>de</span> <span class='ocrx_word' id='word_1_114' title='bbox 923 1564 1085 1630; x_wconf 85' lang='lat' dir='ltr'>Athenaei</span> <span class='ocrx_word' id='word_1_115' title='bbox 1107 1564 1178 1630; x_wconf 89' lang='lat' dir='ltr'>loco</span> <span class='ocrx_word' id='word_1_116' title='bbox 1200 1563 1284 1629; x_wconf 86' lang='lat' dir='ltr'>XIV</span> <span class='ocrx_word' id='word_1_117' title='bbox 1308 1563 1406 1629; x_wconf 76' lang='grc'>63211</span> 
     </span>
    </p>
   </div>
   <div class='ocr_carea' id='block_1_3' title="bbox 208 1667 1136 1827">
    <p class='ocr_par' dir='ltr' id='par_1_3' title="bbox 208 1667 1136 1827">
     <span class='ocr_line' id='line_1_14' title="bbox 208 1667 402 1734; baseline 0 -2"><span class='ocrx_word' id='word_1_118' title='bbox 208 1667 264 1732; x_wconf 92' lang='lat' dir='ltr'>ubi</span> <span class='ocrx_word' id='word_1_119' title='bbox 286 1685 402 1734; x_wconf 89' lang='lat' dir='ltr'>versus</span> 
     </span>
     <span class='ocr_line' id='line_1_15' title="bbox 475 1755 1136 1827; baseline 0.002 -20"><span class='ocrx_word' id='word_1_120' title='bbox 475 1755 549 1823; x_wconf 79' lang='grc' dir='ltr'><strong><em>σίψσ</em></strong></span> <span class='ocrx_word' id='word_1_121' title='bbox 570 1755 595 1807; x_wconf 79' lang='lat' dir='ltr'>d&#39;</span> <span class='ocrx_word' id='word_1_122' title='bbox 615 1755 662 1827; x_wconf 76' lang='grc' dir='ltr'>ἄρ’</span> <span class='ocrx_word' id='word_1_123' title='bbox 680 1760 801 1810; x_wconf 77' lang='grc' dir='ltr'><strong><em>Αἰνείαν</em></strong></span> <span class='ocrx_word' id='word_1_124' title='bbox 821 1755 885 1809; x_wconf 86' lang='grc' dir='ltr'>υίόν</span> <span class='ocrx_word' id='word_1_125' title='bbox 903 1758 987 1826; x_wconf 84' lang='grc' dir='ltr'><strong><em>φίλον</em></strong></span> <span class='ocrx_word' id='word_1_126' title='bbox 1006 1758 1136 1824; x_wconf 77' lang='grc' dir='ltr'><strong><em>Ἀγχίσαο</em></strong></span> 
     </span>
    </p>
   </div>
   <div class='ocr_carea' id='block_1_4' title="bbox 207 1841 1407 2029">
    <p class='ocr_par' dir='ltr' id='par_1_4' title="bbox 207 1841 1407 2029">
     <span class='ocr_line' id='line_1_16' title="bbox 208 1841 1407 1926; baseline 0.001 -20"><span class='ocrx_word' id='word_1_127' title='bbox 208 1860 249 1906; x_wconf 90' lang='lat' dir='ltr'>ex</span> <span class='ocrx_word' id='word_1_128' title='bbox 276 1841 420 1907; x_wconf 86' lang='lat' dir='ltr'>Homero</span> <span class='ocrx_word' id='word_1_129' title='bbox 454 1841 602 1908; x_wconf 83' lang='lat' dir='ltr'>adfertur</span> <span class='ocrx_word' id='word_1_130' title='bbox 634 1848 672 1908; x_wconf 89' lang='lat' dir='ltr'>ut</span> <span class='ocrx_word' id='word_1_131' title='bbox 704 1842 886 1924; x_wconf 88' lang='lat' dir='ltr'>exemplum</span> <span class='ocrx_word' id='word_1_132' title='bbox 920 1843 965 1908; x_wconf 92' lang='lat' dir='ltr'>sit</span> <span class='ocrx_word' id='word_1_133' title='bbox 995 1843 1110 1926; x_wconf 78' lang='grc' dir='ltr'><strong><em>στίχου</em></strong></span> <span class='ocrx_word' id='word_1_134' title='bbox 1143 1847 1298 1926; x_wconf 72' lang='grc' dir='ltr'><strong><em>λαγαροῦ.</em></strong></span> <span class='ocrx_word' id='word_1_135' title='bbox 1346 1842 1407 1926; x_wconf 81' lang='lat' dir='ltr'>Qui</span> 
     </span>
     <span class='ocr_line' id='line_1_17' title="bbox 207 1944 1406 2029; baseline -0.002 -16"><span class='ocrx_word' id='word_1_136' title='bbox 207 1964 324 2013; x_wconf 87' lang='lat' dir='ltr'>versus</span> <span class='ocrx_word' id='word_1_137' title='bbox 348 1965 425 2010; x_wconf 36' lang='lat' dir='ltr'>icum</span> <span class='ocrx_word' id='word_1_138' title='bbox 456 1951 567 2013; x_wconf 86' lang='lat' dir='ltr'>tamen</span> <span class='ocrx_word' id='word_1_139' title='bbox 596 1966 702 2028; x_wconf 91' lang='lat' dir='ltr'>neque</span> <span class='ocrx_word' id='word_1_140' title='bbox 738 1947 827 2029; x_wconf 88' lang='lat' dir='ltr'>apud</span> <span class='ocrx_word' id='word_1_141' title='bbox 863 1946 1041 2012; x_wconf 89' lang='lat' dir='ltr'>Homerum</span> <span class='ocrx_word' id='word_1_142' title='bbox 1074 1944 1265 2012; x_wconf 85' lang='lat' dir='ltr'>inveniatur</span> <span class='ocrx_word' id='word_1_143' title='bbox 1301 1964 1406 2027; x_wconf 86' lang='lat' dir='ltr'>neque</span> 
     </span>
    </p>
   </div>
   <div class='ocr_carea' id='block_1_5' title="bbox 207 2049 1406 2227">
    <p class='ocr_par' dir='ltr' id='par_1_5' title="bbox 207 2049 1406 2227">
     <span class='ocr_line' id='line_1_18' title="bbox 207 2049 1406 2135; baseline -0.001 -21"><span class='ocrx_word' id='word_1_144' title='bbox 207 2050 273 2115; x_wconf 92' lang='lat' dir='ltr'>ullo</span> <span class='ocrx_word' id='word_1_145' title='bbox 303 2050 431 2116; x_wconf 90' lang='lat' dir='ltr'>laboret</span> <span class='ocrx_word' id='word_1_146' title='bbox 452 2052 549 2117; x_wconf 87' lang='lat' dir='ltr'>metri</span> <span class='ocrx_word' id='word_1_147' title='bbox 577 2051 716 2133; x_wconf 85' lang='lat' dir='ltr'>defectu,</span> <span class='ocrx_word' id='word_1_148' title='bbox 747 2052 898 2118; x_wconf 88' lang='lat' dir='ltr'>Meineke</span> <span class='ocrx_word' id='word_1_149' title='bbox 928 2049 1176 2135; x_wconf 80' lang='lat' dir='ltr'>grammaticum</span> <span class='ocrx_word' id='word_1_150' title='bbox 1206 2049 1250 2115; x_wconf 87' lang='lat' dir='ltr'>ad</span> <span class='ocrx_word' id='word_1_151' title='bbox 1280 2049 1314 2113; x_wconf 87' lang='grc' dir='ltr'><em>Ω</em></span> <span class='ocrx_word' id='word_1_152' title='bbox 1345 2052 1406 2114; x_wconf 89' lang='grc'>333</span> 
     </span>
     <span class='ocr_line' id='line_1_19' title="bbox 439 2152 1171 2227; baseline 0 -22"><span class='ocrx_word' id='word_1_153' title='bbox 439 2155 513 2220; x_wconf 70' lang='lat' dir='ltr'>tulupa</span> <span class='ocrx_word' id='word_1_154' title='bbox 533 2152 558 2207; x_wconf 77' lang='grc' dir='ltr'>δ’</span> <span class='ocrx_word' id='word_1_155' title='bbox 577 2154 623 2227; x_wconf 76' lang='grc' dir='ltr'>ἄρ’</span> <span class='ocrx_word' id='word_1_156' title='bbox 642 2156 775 2224; x_wconf 78' lang='grc' dir='ltr'><strong><em>Ἑρμείαν</em></strong></span> <span class='ocrx_word' id='word_1_157' title='bbox 795 2155 857 2208; x_wconf 77' lang='grc' dir='ltr'><strong><em>υἱὸν</em></strong></span> <span class='ocrx_word' id='word_1_158' title='bbox 875 2158 961 2223; x_wconf 81' lang='grc' dir='ltr'><strong><em>φίλον</em></strong></span> <span class='ocrx_word' id='word_1_159' title='bbox 980 2155 1080 2208; x_wconf 66' lang='lat' dir='ltr'>durior</span> <span class='ocrx_word' id='word_1_160' title='bbox 1100 2153 1171 2219; x_wconf 76' lang='grc' dir='ltr'><strong><em>οὔὸτι</em></strong></span> 
     </span>
    </p>
   </div>
   <div class='ocr_carea' id='block_1_6' title="bbox 205 2239 1406 3570">
    <p class='ocr_par' dir='ltr' id='par_1_6' title="bbox 205 2239 1406 3570">
     <span class='ocr_line' id='line_1_20' title="bbox 207 2239 1406 2324; baseline -0.002 -17"><span class='ocrx_word' id='word_1_161' title='bbox 207 2242 392 2324; x_wconf 83' lang='lat' dir='ltr'>respexisse</span> <span class='ocrx_word' id='word_1_162' title='bbox 422 2243 554 2308; x_wconf 83' lang='lat' dir='ltr'>turbato</span> <span class='ocrx_word' id='word_1_163' title='bbox 582 2242 756 2309; x_wconf 87' lang='lat' dir='ltr'>verborum</span> <span class='ocrx_word' id='word_1_164' title='bbox 780 2240 893 2306; x_wconf 90' lang='lat' dir='ltr'>ordine</span> <span class='ocrx_word' id='word_1_165' title='bbox 923 2245 1128 2322; x_wconf 87' lang='lat' dir='ltr'>corruptum,</span> <span class='ocrx_word' id='word_1_166' title='bbox 1161 2239 1220 2304; x_wconf 88' lang='lat' dir='ltr'>sed</span> <span class='ocrx_word' id='word_1_167' title='bbox 1251 2240 1406 2306; x_wconf 92' lang='lat' dir='ltr'>memoria</span> 
     </span>
     <span class='ocr_line' id='line_1_21' title="bbox 206 2344 1406 2430; baseline -0.001 -18"><span class='ocrx_word' id='word_1_168' title='bbox 206 2348 334 2430; x_wconf 91' lang='lat' dir='ltr'>lapsum</span> <span class='ocrx_word' id='word_1_169' title='bbox 372 2346 579 2427; x_wconf 90' lang='lat' dir='ltr'>aliquatenus</span> <span class='ocrx_word' id='word_1_170' title='bbox 617 2367 638 2410; x_wconf 92' lang='lat' dir='ltr'>a</span> <span class='ocrx_word' id='word_1_171' title='bbox 674 2365 756 2414; x_wconf 85' lang='lat' dir='ltr'>vera</span> <span class='ocrx_word' id='word_1_172' title='bbox 792 2344 896 2411; x_wconf 89' lang='lat' dir='ltr'>forma</span> <span class='ocrx_word' id='word_1_173' title='bbox 933 2346 1105 2410; x_wconf 83' lang='lat' dir='ltr'>aberrasse</span> <span class='ocrx_word' id='word_1_174' title='bbox 1143 2344 1290 2411; x_wconf 88' lang='lat' dir='ltr'>coniecit.</span> <span class='ocrx_word' id='word_1_175' title='bbox 1350 2345 1406 2411; x_wconf 85' lang='lat' dir='ltr'>Cui</span> 
     </span>
     <span class='ocr_line' id='line_1_22' title="bbox 207 2447 1406 2535; baseline -0.002 -18"><span class='ocrx_word' id='word_1_176' title='bbox 207 2450 382 2533; x_wconf 89' lang='lat' dir='ltr'>suspicioni</span> <span class='ocrx_word' id='word_1_177' title='bbox 405 2449 635 2518; x_wconf 70' lang='lat' dir='ltr'>saretrude</span> <span class='ocrx_word' id='word_1_178' title='bbox 659 2449 714 2530; x_wconf 90' lang='lat' dir='ltr'>qui</span> <span class='ocrx_word' id='word_1_179' title='bbox 738 2450 833 2535; x_wconf 78' lang='grc' dir='ltr'><strong><em>φίλον</em></strong></span> <span class='ocrx_word' id='word_1_180' title='bbox 856 2447 925 2515; x_wconf 73' lang='lat' dir='ltr'>oliv</span> <span class='ocrx_word' id='word_1_181' title='bbox 947 2448 1094 2531; x_wconf 78' lang='lat' dir='ltr'>porrigit</span> <span class='ocrx_word' id='word_1_182' title='bbox 1118 2449 1205 2529; x_wconf 90' lang='lat' dir='ltr'>quod</span> <span class='ocrx_word' id='word_1_183' title='bbox 1226 2450 1354 2516; x_wconf 88' lang='lat' dir='ltr'>habeut</span> <span class='ocrx_word' id='word_1_184' title='bbox 1374 2449 1406 2515; x_wconf 93' lang='lat' dir='ltr'>in</span> 
     </span>
     <span class='ocr_line' id='line_1_23' title="bbox 206 2551 1406 2635; baseline -0.002 -15"><span class='ocrx_word' id='word_1_185' title='bbox 206 2554 303 2620; x_wconf 90' lang='lat' dir='ltr'>simili</span> <span class='ocrx_word' id='word_1_186' title='bbox 325 2553 472 2620; x_wconf 88' lang='lat' dir='ltr'>clausula</span> <span class='ocrx_word' id='word_1_187' title='bbox 489 2580 503 2617; x_wconf 83' lang='grc' dir='ltr'><em>ε</em></span> <span class='ocrx_word' id='word_1_188' title='bbox 519 2554 560 2619; x_wconf 83' lang='grc'>28</span> <span class='ocrx_word' id='word_1_189' title='bbox 576 2553 723 2635; x_wconf 82' lang='lat' dir='ltr'>plerique</span> <span class='ocrx_word' id='word_1_190' title='bbox 739 2553 867 2619; x_wconf 90' lang='lat' dir='ltr'>codices</span> <span class='ocrx_word' id='word_1_191' title='bbox 882 2552 969 2633; x_wconf 87' lang='lat' dir='ltr'>iique</span> <span class='ocrx_word' id='word_1_192' title='bbox 985 2551 1106 2634; x_wconf 91' lang='lat' dir='ltr'>optimi,</span> <span class='ocrx_word' id='word_1_193' title='bbox 1129 2559 1146 2616; x_wconf 83' lang='lat' dir='ltr'>t</span> <span class='ocrx_word' id='word_1_194' title='bbox 1165 2553 1226 2618; x_wconf 88' lang='lat'>103</span> <span class='ocrx_word' id='word_1_195' title='bbox 1243 2553 1406 2618; x_wconf 83' lang='lat' dir='ltr'>Maximus</span> 
     </span>
     <span class='ocr_line' id='line_1_24' title="bbox 207 2654 1405 2743; baseline -0.003 -18"><span class='ocrx_word' id='word_1_196' title='bbox 207 2658 342 2743; x_wconf 78' lang='lat' dir='ltr'>Tyrius:</span> <span class='ocrx_word' id='word_1_197' title='bbox 378 2657 433 2738; x_wconf 88' lang='lat' dir='ltr'>qui</span> <span class='ocrx_word' id='word_1_198' title='bbox 457 2674 548 2722; x_wconf 91' lang='lat' dir='ltr'>error</span> <span class='ocrx_word' id='word_1_199' title='bbox 573 2656 607 2723; x_wconf 92' lang='lat' dir='ltr'>in</span> <span class='ocrx_word' id='word_1_200' title='bbox 637 2658 811 2725; x_wconf 87' lang='lat' dir='ltr'>verborum</span> <span class='ocrx_word' id='word_1_201' title='bbox 835 2655 948 2722; x_wconf 90' lang='lat' dir='ltr'>ordine</span> <span class='ocrx_word' id='word_1_202' title='bbox 977 2654 1139 2721; x_wconf 88' lang='lat' dir='ltr'>admissus</span> <span class='ocrx_word' id='word_1_203' title='bbox 1170 2672 1243 2720; x_wconf 92' lang='lat' dir='ltr'>cum</span> <span class='ocrx_word' id='word_1_204' title='bbox 1274 2656 1405 2737; x_wconf 87' lang='lat' dir='ltr'>saepius</span> 
     </span>
     <span class='ocr_line' id='line_1_25' title="bbox 206 2758 1405 2847; baseline -0.004 -18"><span class='ocrx_word' id='word_1_205' title='bbox 206 2766 371 2842; x_wconf 75' lang='lat' dir='ltr'>recurrat,</span> <span class='ocrx_word' id='word_1_206' title='bbox 402 2760 506 2827; x_wconf 78' lang='lat' dir='ltr'>Veluti</span> <span class='ocrx_word' id='word_1_207' title='bbox 536 2788 555 2845; x_wconf 84' lang='lat' dir='ltr'><em>y</em></span> <span class='ocrx_word' id='word_1_208' title='bbox 583 2764 647 2827; x_wconf 82' lang='grc'>418</span> <span class='ocrx_word' id='word_1_209' title='bbox 678 2761 787 2845; x_wconf 77' lang='grc' dir='ltr'><strong><em>(τέκνα</em></strong></span> <span class='ocrx_word' id='word_1_210' title='bbox 820 2761 899 2847; x_wconf 67' lang='grc' dir='ltr'><strong><em>φίλα</em></strong></span> <span class='ocrx_word' id='word_1_211' title='bbox 934 2764 967 2824; x_wconf 79' lang='lat' dir='ltr'>ei</span> <span class='ocrx_word' id='word_1_212' title='bbox 1006 2759 1085 2844; x_wconf 70' lang='grc' dir='ltr'><strong><em>φίλα</em></strong></span> <span class='ocrx_word' id='word_1_213' title='bbox 1117 2758 1211 2823; x_wconf 75' lang='grc' dir='ltr'><strong><em>τέκνα</em></strong></span> <span class='ocrx_word' id='word_1_214' title='bbox 1251 2759 1405 2846; x_wconf 55' lang='grc'>30111112)</span> 
     </span>
     <span class='ocr_line' id='line_1_26' title="bbox 209 2861 1406 2952; baseline -0.002 -22"><span class='ocrx_word' id='word_1_215' title='bbox 209 2871 241 2930; x_wconf 86' lang='lat' dir='ltr'><strong><em>K</em></strong></span> <span class='ocrx_word' id='word_1_216' title='bbox 268 2867 311 2931; x_wconf 86' lang='lat'>50</span> <span class='ocrx_word' id='word_1_217' title='bbox 351 2864 460 2952; x_wconf 85' lang='grc' dir='ltr'><strong><em>(φιλσς</em></strong></span> <span class='ocrx_word' id='word_1_218' title='bbox 495 2863 562 2943; x_wconf 73' lang='grc' dir='ltr'><strong><em>υἱὸς</em></strong></span> <span class='ocrx_word' id='word_1_219' title='bbox 600 2870 634 2930; x_wconf 80' lang='grc' dir='ltr'>θλ</span> <span class='ocrx_word' id='word_1_220' title='bbox 671 2863 742 2942; x_wconf 75' lang='grc' dir='ltr'><strong><em>οἰὸς</em></strong></span> <span class='ocrx_word' id='word_1_221' title='bbox 779 2862 905 2950; x_wconf 81' lang='grc' dir='ltr'><strong><em>φίλος),</em></strong></span> <span class='ocrx_word' id='word_1_222' title='bbox 942 2883 970 2946; x_wconf 81' lang='grc' dir='ltr'><strong><em>ψ</em></strong></span> <span class='ocrx_word' id='word_1_223' title='bbox 1000 2864 1041 2927; x_wconf 84' lang='grc'>26</span> <span class='ocrx_word' id='word_1_224' title='bbox 1076 2861 1189 2946; x_wconf 88' lang='grc' dir='ltr'><strong><em>(φίλον</em></strong></span> <span class='ocrx_word' id='word_1_225' title='bbox 1226 2864 1338 2928; x_wconf 81' lang='grc' dir='ltr'><strong><em>τέκνον</em></strong></span> <span class='ocrx_word' id='word_1_226' title='bbox 1374 2867 1406 2928; x_wconf 81' lang='lat' dir='ltr'>ct</span> 
     </span>
     <span class='ocr_line' id='line_1_27' title="bbox 208 2966 1405 3054; baseline -0.002 -19"><span class='ocrx_word' id='word_1_227' title='bbox 208 2969 315 3035; x_wconf 81' lang='grc' dir='ltr'><strong><em>τέκνον</em></strong></span> <span class='ocrx_word' id='word_1_228' title='bbox 339 2968 463 3054; x_wconf 69' lang='lat' dir='ltr'>petav),</span> <span class='ocrx_word' id='word_1_229' title='bbox 487 2974 627 3051; x_wconf 88' lang='lat' dir='ltr'>apparet</span> <span class='ocrx_word' id='word_1_230' title='bbox 655 2969 811 3036; x_wconf 90' lang='lat' dir='ltr'>librorum</span> <span class='ocrx_word' id='word_1_231' title='bbox 834 2967 935 3036; x_wconf 84' lang='lat' dir='ltr'>variis</span> <span class='ocrx_word' id='word_1_232' title='bbox 968 2966 1138 3048; x_wconf 88' lang='lat' dir='ltr'>seripturis</span> <span class='ocrx_word' id='word_1_233' title='bbox 1166 2966 1259 3032; x_wconf 86' lang='lat' dir='ltr'>abuti</span> <span class='ocrx_word' id='word_1_234' title='bbox 1282 2966 1312 3031; x_wconf 88' lang='lat' dir='ltr'>si</span> <span class='ocrx_word' id='word_1_235' title='bbox 1336 2967 1405 3048; x_wconf 90' lang='lat' dir='ltr'>quis</span> 
     </span>
     <span class='ocr_line' id='line_1_28' title="bbox 206 3071 1405 3153; baseline -0.002 -15"><span class='ocrx_word' id='word_1_236' title='bbox 206 3071 402 3138; x_wconf 87' lang='lat' dir='ltr'>reconditius</span> <span class='ocrx_word' id='word_1_237' title='bbox 437 3072 591 3153; x_wconf 82' lang='lat' dir='ltr'>quiddam</span> <span class='ocrx_word' id='word_1_238' title='bbox 628 3073 789 3139; x_wconf 91' lang='lat' dir='ltr'>moliatur.</span> <span class='ocrx_word' id='word_1_239' title='bbox 847 3075 886 3138; x_wconf 90' lang='lat' dir='ltr'>In</span> <span class='ocrx_word' id='word_1_240' title='bbox 921 3090 1017 3153; x_wconf 84' lang='lat' dir='ltr'>quam</span> <span class='ocrx_word' id='word_1_241' title='bbox 1051 3076 1178 3153; x_wconf 86' lang='lat' dir='ltr'>partem</span> <span class='ocrx_word' id='word_1_242' title='bbox 1223 3071 1405 3137; x_wconf 87' lang='lat' dir='ltr'>Nauckium</span> 
     </span>
     <span class='ocr_line' id='line_1_29' title="bbox 207 3174 1406 3261; baseline 0.001 -21"><span class='ocrx_word' id='word_1_243' title='bbox 207 3192 360 3257; x_wconf 86' lang='lat' dir='ltr'>peccasse</span> <span class='ocrx_word' id='word_1_244' title='bbox 383 3174 479 3242; x_wconf 91' lang='lat' dir='ltr'>video</span> <span class='ocrx_word' id='word_1_245' title='bbox 504 3177 598 3261; x_wconf 73' lang='grc' dir='ltr'><strong><em>φιλον</em></strong></span> <span class='ocrx_word' id='word_1_246' title='bbox 627 3175 696 3242; x_wconf 77' lang='grc' dir='ltr'>οὶὲο</span> <span class='ocrx_word' id='word_1_247' title='bbox 721 3178 752 3241; x_wconf 88' lang='grc' dir='ltr'><em>Ω</em></span> <span class='ocrx_word' id='word_1_248' title='bbox 775 3179 849 3243; x_wconf 88' lang='grc'><strong>333.</strong></span> <span class='ocrx_word' id='word_1_249' title='bbox 881 3203 895 3240; x_wconf 88' lang='grc' dir='ltr'><strong><em>ι</em></strong></span> <span class='ocrx_word' id='word_1_250' title='bbox 922 3178 971 3241; x_wconf 87' lang='grc'>18.</span> <span class='ocrx_word' id='word_1_251' title='bbox 1003 3183 1020 3239; x_wconf 83' lang='grc' dir='ltr'><strong><em>λ</em></strong></span> <span class='ocrx_word' id='word_1_252' title='bbox 1046 3177 1106 3240; x_wconf 87' lang='grc'>103</span> <span class='ocrx_word' id='word_1_253' title='bbox 1135 3176 1406 3241; x_wconf 82' lang='lat' dir='ltr'>commendantem</span> 
     </span>
     <span class='ocr_line' id='line_1_30' title="bbox 207 3278 1405 3366; baseline 0.001 -23"><span class='ocrx_word' id='word_1_254' title='bbox 207 3278 297 3364; x_wconf 87' lang='lat' dir='ltr'>(Mel.</span> <span class='ocrx_word' id='word_1_255' title='bbox 321 3297 369 3361; x_wconf 83' lang='lat' dir='ltr'>gr.</span> <span class='ocrx_word' id='word_1_256' title='bbox 392 3296 471 3345; x_wconf 90' lang='lat' dir='ltr'>rom.</span> <span class='ocrx_word' id='word_1_257' title='bbox 496 3279 544 3345; x_wconf 92' lang='lat' dir='ltr'>IV</span> <span class='ocrx_word' id='word_1_258' title='bbox 569 3280 661 3366; x_wconf 80' lang='lat'>102),</span> <span class='ocrx_word' id='word_1_259' title='bbox 691 3280 770 3346; x_wconf 87' lang='lat' dir='ltr'>item</span> <span class='ocrx_word' id='word_1_260' title='bbox 792 3280 978 3346; x_wconf 89' lang='lat' dir='ltr'>Hurtelium</span> <span class='ocrx_word' id='word_1_261' title='bbox 1001 3298 1072 3345; x_wconf 89' lang='lat' dir='ltr'>cum</span> <span class='ocrx_word' id='word_1_262' title='bbox 1094 3278 1195 3345; x_wconf 84' lang='lat' dir='ltr'>ZfoG.</span> <span class='ocrx_word' id='word_1_263' title='bbox 1222 3281 1319 3360; x_wconf 81' lang='grc'>1816,</span> <span class='ocrx_word' id='word_1_264' title='bbox 1345 3282 1405 3344; x_wconf 80' lang='grc'>138</span> 
     </span>
     <span class='ocr_line' id='line_1_31' title="bbox 205 3381 1406 3466; baseline 0.002 -19"><span class='ocrx_word' id='word_1_265' title='bbox 205 3381 376 3466; x_wconf 86' lang='lat' dir='ltr'>ingeniosa</span> <span class='ocrx_word' id='word_1_266' title='bbox 398 3383 527 3464; x_wconf 91' lang='lat' dir='ltr'>quidem</span> <span class='ocrx_word' id='word_1_267' title='bbox 550 3384 736 3450; x_wconf 87' lang='lat' dir='ltr'>coniectura</span> <span class='ocrx_word' id='word_1_268' title='bbox 758 3385 817 3450; x_wconf 89' lang='lat' dir='ltr'>sed</span> <span class='ocrx_word' id='word_1_269' title='bbox 840 3404 881 3450; x_wconf 87' lang='lat' dir='ltr'>ea</span> <span class='ocrx_word' id='word_1_270' title='bbox 903 3383 1051 3466; x_wconf 88' lang='lat' dir='ltr'>speciosa</span> <span class='ocrx_word' id='word_1_271' title='bbox 1072 3384 1176 3466; x_wconf 81' lang='lat' dir='ltr'>magis</span> <span class='ocrx_word' id='word_1_272' title='bbox 1204 3403 1302 3464; x_wconf 88' lang='lat' dir='ltr'>quam</span> <span class='ocrx_word' id='word_1_273' title='bbox 1327 3403 1406 3452; x_wconf 86' lang='lat' dir='ltr'>vera</span> 
     </span>
     <span class='ocr_line' id='line_1_32' title="bbox 208 3484 1404 3570; baseline 0.001 -17"><span class='ocrx_word' id='word_1_274' title='bbox 208 3484 276 3554; x_wconf 76' lang='lat' dir='ltr'>oliv</span> <span class='ocrx_word' id='word_1_275' title='bbox 299 3485 351 3553; x_wconf 78' lang='grc' dir='ltr'>ἑὸν</span> <span class='ocrx_word' id='word_1_276' title='bbox 373 3496 438 3554; x_wconf 81' lang='grc' dir='ltr'><strong><em>κτλ.</em></strong></span> <span class='ocrx_word' id='word_1_277' title='bbox 462 3493 671 3570; x_wconf 89' lang='lat' dir='ltr'>proponeret.</span> <span class='ocrx_word' id='word_1_278' title='bbox 717 3487 929 3554; x_wconf 83' lang='lat' dir='ltr'>Grammatici</span> <span class='ocrx_word' id='word_1_279' title='bbox 959 3486 1050 3552; x_wconf 90' lang='lat' dir='ltr'>cuius</span> <span class='ocrx_word' id='word_1_280' title='bbox 1081 3487 1272 3569; x_wconf 89' lang='lat' dir='ltr'>opusculum</span> <span class='ocrx_word' id='word_1_281' title='bbox 1304 3488 1404 3555; x_wconf 80' lang='lat' dir='ltr'>Athe·</span> 
     </span>
    </p>
   </div>
   <div class='ocr_carea' id='block_1_7' title="bbox 206 3590 1343 3766">
    <p class='ocr_par' dir='ltr' id='par_1_7' title="bbox 206 3590 1343 3766">
     <span class='ocr_line' id='line_1_33' title="bbox 206 3590 1343 3675; baseline 0 -16"><span class='ocrx_word' id='word_1_282' title='bbox 206 3611 308 3659; x_wconf 92' lang='lat' dir='ltr'>naeus</span> <span class='ocrx_word' id='word_1_283' title='bbox 333 3590 506 3673; x_wconf 91' lang='lat' dir='ltr'>exscripsit</span> <span class='ocrx_word' id='word_1_284' title='bbox 527 3590 633 3658; x_wconf 90' lang='lat' dir='ltr'>auimo</span> <span class='ocrx_word' id='word_1_285' title='bbox 656 3591 741 3657; x_wconf 89' lang='lat' dir='ltr'>forte</span> <span class='ocrx_word' id='word_1_286' title='bbox 764 3592 1002 3659; x_wconf 86' lang='lat' dir='ltr'>obversabatur</span> <span class='ocrx_word' id='word_1_287' title='bbox 1024 3610 1141 3659; x_wconf 91' lang='lat' dir='ltr'>versus</span> <span class='ocrx_word' id='word_1_288' title='bbox 1164 3598 1343 3675; x_wconf 89' lang='lat' dir='ltr'>corruptus</span> 
     </span>
     <span class='ocr_line' id='line_1_34' title="bbox 569 3694 1038 3766; baseline 0.002 -19"><span class='ocrx_word' id='word_1_289' title='bbox 569 3734 575 3747; x_wconf 94' lang='lat'>.</span> <span class='ocrx_word' id='word_1_290' title='bbox 596 3735 601 3748; x_wconf 93' lang='lat'>.</span> <span class='ocrx_word' id='word_1_291' title='bbox 621 3735 627 3747; x_wconf 90' lang='lat'>.</span> <span class='ocrx_word' id='word_1_292' title='bbox 646 3699 731 3766; x_wconf 80' lang='grc' dir='ltr'><strong><em>φίλον</em></strong></span> <span class='ocrx_word' id='word_1_293' title='bbox 750 3694 814 3749; x_wconf 73' lang='lat' dir='ltr'>aibr</span> <span class='ocrx_word' id='word_1_294' title='bbox 832 3697 933 3749; x_wconf 77' lang='grc' dir='ltr'><strong><em>ιίννίσν</em></strong></span> <span class='ocrx_word' id='word_1_295' title='bbox 952 3696 1038 3760; x_wconf 70' lang='grc' dir='ltr'><em>ηὔδας</em></span> 
     </span>
    </p>
   </div>
   <div class='ocr_carea' id='block_1_8' title="bbox 206 3781 1405 3972">
    <p class='ocr_par' dir='ltr' id='par_1_8' title="bbox 206 3781 1405 3972">
     <span class='ocr_line' id='line_1_35' title="bbox 206 3781 1405 3869; baseline -0.002 -19"><span class='ocrx_word' id='word_1_296' title='bbox 206 3783 300 3851; x_wconf 89' lang='lat' dir='ltr'>unice</span> <span class='ocrx_word' id='word_1_297' title='bbox 333 3781 476 3867; x_wconf 82' lang='lat' dir='ltr'>genuina</span> <span class='ocrx_word' id='word_1_298' title='bbox 509 3787 561 3848; x_wconf 88' lang='lat' dir='ltr'>est</span> <span class='ocrx_word' id='word_1_299' title='bbox 599 3782 705 3849; x_wconf 86' lang='lat' dir='ltr'>altera</span> <span class='ocrx_word' id='word_1_300' title='bbox 744 3782 841 3848; x_wconf 90' lang='lat' dir='ltr'>lectio</span> <span class='ocrx_word' id='word_1_301' title='bbox 877 3782 948 3848; x_wconf 80' lang='lat' dir='ltr'>oliv</span> <span class='ocrx_word' id='word_1_302' title='bbox 983 3785 1076 3869; x_wconf 79' lang='grc' dir='ltr'><strong><em>φιλον</em></strong></span> <span class='ocrx_word' id='word_1_303' title='bbox 1110 3793 1176 3849; x_wconf 78' lang='grc' dir='ltr'><strong><em>κτλ.</em></strong></span> <span class='ocrx_word' id='word_1_304' title='bbox 1219 3782 1315 3868; x_wconf 88' lang='lat' dir='ltr'>(imit.</span> <span class='ocrx_word' id='word_1_305' title='bbox 1351 3785 1405 3850; x_wconf 89' lang='lat' dir='ltr'>Ps.</span> 
     </span>
     <span class='ocr_line' id='line_1_36' title="bbox 206 3884 1405 3972; baseline 0 -20"><span class='ocrx_word' id='word_1_306' title='bbox 206 3887 368 3954; x_wconf 87' lang='lat' dir='ltr'>Theocrit.</span> <span class='ocrx_word' id='word_1_307' title='bbox 391 3885 554 3951; x_wconf 73' lang='grc'>11111754</span> <span class='ocrx_word' id='word_1_308' title='bbox 577 3884 645 3964; x_wconf 75' lang='grc' dir='ltr'><strong><em>οἰὸς</em></strong></span> <span class='ocrx_word' id='word_1_309' title='bbox 674 3888 767 3972; x_wconf 62' lang='lat' dir='ltr'>prior</span> <span class='ocrx_word' id='word_1_310' title='bbox 794 3885 949 3972; x_wconf 80' lang='grc' dir='ltr'><strong><em>Ἠελίοιο)</em></strong></span> <span class='ocrx_word' id='word_1_311' title='bbox 974 3887 1015 3953; x_wconf 92' lang='lat' dir='ltr'>de</span> <span class='ocrx_word' id='word_1_312' title='bbox 1037 3906 1103 3968; x_wconf 88' lang='lat' dir='ltr'>qna</span> <span class='ocrx_word' id='word_1_313' title='bbox 1125 3887 1279 3954; x_wconf 86' lang='lat' dir='ltr'>dubitare</span> <span class='ocrx_word' id='word_1_314' title='bbox 1301 3888 1405 3955; x_wconf 85' lang='lat' dir='ltr'>nefas.</span> 
     </span>
    </p>
   </div>
   <div class='ocr_carea' id='block_1_9' title="bbox 205 4057 1406 4567">
    <p class='ocr_par' dir='ltr' id='par_1_9' title="bbox 205 4057 1406 4476">
     <span class='ocr_line' id='line_1_37' title="bbox 278 4057 1405 4129; baseline 0.004 -18"><span class='ocrx_word' id='word_1_315' title='bbox 278 4062 298 4123; x_wconf 80' lang='lat'>¹)</span> <span class='ocrx_word' id='word_1_316' title='bbox 315 4057 383 4113; x_wconf 85' lang='lat' dir='ltr'>Post</span> <span class='ocrx_word' id='word_1_317' title='bbox 400 4057 548 4113; x_wconf 87' lang='lat' dir='ltr'>Homerum</span> <span class='ocrx_word' id='word_1_318' title='bbox 567 4071 664 4116; x_wconf 81' lang='lat' dir='ltr'>curtae</span> <span class='ocrx_word' id='word_1_319' title='bbox 682 4059 787 4117; x_wconf 83' lang='lat' dir='ltr'>formae</span> <span class='ocrx_word' id='word_1_320' title='bbox 808 4059 951 4128; x_wconf 78' lang='lat' dir='ltr'>vestigium</span> <span class='ocrx_word' id='word_1_321' title='bbox 970 4073 1005 4114; x_wconf 90' lang='lat' dir='ltr'>ne</span> <span class='ocrx_word' id='word_1_322' title='bbox 1023 4060 1188 4115; x_wconf 78' lang='lat' dir='ltr'>levissimum</span> <span class='ocrx_word' id='word_1_323' title='bbox 1208 4060 1320 4129; x_wconf 85' lang='lat' dir='ltr'>quidem</span> <span class='ocrx_word' id='word_1_324' title='bbox 1341 4062 1405 4116; x_wconf 87' lang='lat' dir='ltr'>mibi</span> 
     </span>
     <span class='ocr_line' id='line_1_38' title="bbox 205 4143 1404 4217; baseline 0.003 -18"><span class='ocrx_word' id='word_1_325' title='bbox 205 4144 326 4199; x_wconf 84' lang='lat' dir='ltr'>innotuit</span> <span class='ocrx_word' id='word_1_326' title='bbox 344 4143 484 4215; x_wconf 67' lang='grc' dir='ltr'>(ᾠηθήτην</span> <span class='ocrx_word' id='word_1_327' title='bbox 503 4144 574 4201; x_wconf 80' lang='lat' dir='ltr'>forte</span> <span class='ocrx_word' id='word_1_328' title='bbox 592 4154 733 4202; x_wconf 82' lang='lat' dir='ltr'>enotatum</span> <span class='ocrx_word' id='word_1_329' title='bbox 753 4148 842 4203; x_wconf 86' lang='lat' dir='ltr'>habeo</span> <span class='ocrx_word' id='word_1_330' title='bbox 865 4162 898 4202; x_wconf 83' lang='lat' dir='ltr'>ex</span> <span class='ocrx_word' id='word_1_331' title='bbox 922 4146 1045 4203; x_wconf 85' lang='lat' dir='ltr'>Platonis</span> <span class='ocrx_word' id='word_1_332' title='bbox 1063 4147 1185 4217; x_wconf 78' lang='lat' dir='ltr'>Enthyd.</span> <span class='ocrx_word' id='word_1_333' title='bbox 1201 4149 1281 4203; x_wconf 78' lang='grc'>2180</span> <span class='ocrx_word' id='word_1_334' title='bbox 1307 4150 1404 4215; x_wconf 74' lang='grc'><strong>2833).</strong></span> 
     </span>
     <span class='ocr_line' id='line_1_39' title="bbox 206 4229 1405 4301; baseline 0.004 -16"><span class='ocrx_word' id='word_1_335' title='bbox 206 4230 288 4285; x_wconf 79' lang='grc' dir='ltr'>Βοοί.</span> <span class='ocrx_word' id='word_1_336' title='bbox 307 4231 390 4298; x_wconf 88' lang='lat' dir='ltr'>(plur.</span> <span class='ocrx_word' id='word_1_337' title='bbox 410 4244 460 4299; x_wconf 90' lang='lat' dir='ltr'>pro</span> <span class='ocrx_word' id='word_1_338' title='bbox 479 4229 563 4301; x_wconf 89' lang='lat' dir='ltr'>dual.)</span> <span class='ocrx_word' id='word_1_339' title='bbox 583 4237 740 4290; x_wconf 72' lang='grc' dir='ltr'><strong><em>ἐτέκνωθεν</em></strong></span> <span class='ocrx_word' id='word_1_340' title='bbox 758 4233 843 4290; x_wconf 81' lang='lat' dir='ltr'>habet</span> <span class='ocrx_word' id='word_1_341' title='bbox 862 4234 997 4290; x_wconf 76' lang='lat' dir='ltr'>Pindarus</span> <span class='ocrx_word' id='word_1_342' title='bbox 1014 4235 1036 4289; x_wconf 87' lang='lat' dir='ltr'>L</span> <span class='ocrx_word' id='word_1_343' title='bbox 1053 4235 1066 4289; x_wconf 94' lang='lat' dir='ltr'>I</span> <span class='ocrx_word' id='word_1_344' title='bbox 1088 4235 1255 4301; x_wconf 74' lang='grc' dir='ltr'><strong><em>11,στο’θιν</em></strong></span> <span class='ocrx_word' id='word_1_345' title='bbox 1274 4234 1309 4289; x_wconf 80' lang='lat' dir='ltr'>N.</span> <span class='ocrx_word' id='word_1_346' title='bbox 1329 4237 1355 4290; x_wconf 82' lang='lat' dir='ltr'>X</span> <span class='ocrx_word' id='word_1_347' title='bbox 1374 4241 1405 4290; x_wconf 76' lang='lat'>66</span> 
     </span>
     <span class='ocr_line' id='line_1_40' title="bbox 206 4318 1406 4391; baseline 0.003 -19"><span class='ocrx_word' id='word_1_348' title='bbox 206 4318 304 4387; x_wconf 76' lang='lat' dir='ltr'>quibus</span> <span class='ocrx_word' id='word_1_349' title='bbox 333 4319 494 4373; x_wconf 75' lang='grc' dir='ltr'><strong><em>ίιοκνοίθσν</em></strong></span> <span class='ocrx_word' id='word_1_350' title='bbox 517 4323 630 4376; x_wconf 67' lang='lat' dir='ltr'>occidar</span> <span class='ocrx_word' id='word_1_351' title='bbox 657 4323 701 4391; x_wconf 78' lang='lat' dir='ltr'>(ex</span> <span class='ocrx_word' id='word_1_352' title='bbox 726 4325 845 4389; x_wconf 53' lang='grc' dir='ltr'><strong><em>πῆττον)</em></strong></span> <span class='ocrx_word' id='word_1_353' title='bbox 870 4320 1035 4376; x_wconf 81' lang='lat' dir='ltr'>substituere</span> <span class='ocrx_word' id='word_1_354' title='bbox 1059 4320 1130 4376; x_wconf 79' lang='lat' dir='ltr'>velle</span> <span class='ocrx_word' id='word_1_355' title='bbox 1153 4321 1228 4387; x_wconf 81' lang='lat' dir='ltr'>(coll.</span> <span class='ocrx_word' id='word_1_356' title='bbox 1255 4322 1406 4380; x_wconf 73' lang='grc' dir='ltr'><strong><em>ἐξικέσθαν</em></strong></span> 
     </span>
     <span class='ocr_line' id='line_1_41' title="bbox 206 4406 956 4476; baseline 0.004 -16"><span class='ocrx_word' id='word_1_357' title='bbox 206 4407 239 4461; x_wconf 84' lang='lat' dir='ltr'>N.</span> <span class='ocrx_word' id='word_1_358' title='bbox 259 4406 284 4460; x_wconf 84' lang='lat' dir='ltr'>X</span> <span class='ocrx_word' id='word_1_359' title='bbox 303 4413 336 4460; x_wconf 80' lang='grc'>64</span> <span class='ocrx_word' id='word_1_360' title='bbox 355 4409 536 4463; x_wconf 68' lang='grc' dir='ltr'><strong><em>κτισσάσθαν</em></strong></span> <span class='ocrx_word' id='word_1_361' title='bbox 554 4407 596 4463; x_wconf 88' lang='grc'>01.</span> <span class='ocrx_word' id='word_1_362' title='bbox 616 4408 654 4463; x_wconf 82' lang='lat' dir='ltr'>ix</span> <span class='ocrx_word' id='word_1_363' title='bbox 674 4413 718 4469; x_wconf 77' lang='grc'>43)</span> <span class='ocrx_word' id='word_1_364' title='bbox 736 4416 810 4463; x_wconf 86' lang='lat' dir='ltr'>esset</span> <span class='ocrx_word' id='word_1_365' title='bbox 828 4409 956 4476; x_wconf 84' lang='lat' dir='ltr'>ineptius.</span> 
     </span>
    </p>

    <p class='ocr_par' dir='ltr' id='par_1_10' title="bbox 278 4493 1166 4567">
     <span class='ocr_line' id='line_1_42' title="bbox 278 4493 1166 4567; baseline 0 -19"><span class='ocrx_word' id='word_1_366' title='bbox 278 4495 298 4567; x_wconf 76' lang='lat'>²)</span> <span class='ocrx_word' id='word_1_367' title='bbox 317 4494 415 4551; x_wconf 82' lang='lat' dir='ltr'>Nauck</span> <span class='ocrx_word' id='word_1_368' title='bbox 433 4495 496 4549; x_wconf 76' lang='lat' dir='ltr'>Mel.</span> <span class='ocrx_word' id='word_1_369' title='bbox 515 4510 556 4565; x_wconf 76' lang='lat' dir='ltr'>gr.</span> <span class='ocrx_word' id='word_1_370' title='bbox 575 4510 642 4549; x_wconf 90' lang='lat' dir='ltr'>rom.</span> <span class='ocrx_word' id='word_1_371' title='bbox 661 4495 699 4549; x_wconf 87' lang='lat' dir='ltr'>lv</span> <span class='ocrx_word' id='word_1_372' title='bbox 721 4499 776 4550; x_wconf 80' lang='lat' dir='ltr'>lea</span> <span class='ocrx_word' id='word_1_373' title='bbox 814 4493 855 4551; x_wconf 82' lang='lat' dir='ltr'>cl.</span> <span class='ocrx_word' id='word_1_374' title='bbox 873 4494 984 4550; x_wconf 84' lang='lat' dir='ltr'>Bekker</span> <span class='ocrx_word' id='word_1_375' title='bbox 1001 4494 1070 4549; x_wconf 85' lang='lat' dir='ltr'>HBl.</span> <span class='ocrx_word' id='word_1_376' title='bbox 1089 4496 1103 4550; x_wconf 92' lang='lat'><em>1</em></span> <span class='ocrx_word' id='word_1_377' title='bbox 1124 4499 1166 4548; x_wconf 78' lang='grc'>36.</span> 
     </span>
    </p>
   </div>
   <div class='ocr_carea' id='block_1_10' title="bbox 0 0 1482 5018">
    <p class='ocr_par' dir='ltr' id='par_1_11' title="bbox 0 0 1482 5018">
     <span class='ocr_line' id='line_1_43' title="bbox 0 0 1482 5018; baseline 0 0"><span class='ocrx_word' id='word_1_378' title='bbox 0 0 1482 5018; x_wconf 95' lang='lat' dir='ltr'> </span> 
     </span>
    </p>
   </div>
  </div>
 </body>
</html>
