2956 5040
691 201 929 265 -186-

212 392 296 456 bene
326 396 436 471 potest
461 389 558 472 Ἔρως
589 388 766 466 ἀκόλουθος
796 389 851 454 καί
881 389 1033 474 θεράπων
1070 387 1272 474 Ἀφροδιτης
1304 387 1411 471 (Plato

213 497 360 580 Sympos.
378 495 490 580 2030)
506 495 561 576 qui
584 495 682 561 etiam
698 495 782 562 alias
805 515 935 579 semper
956 495 1026 561 iere
1049 500 1205 563 versatur
1220 494 1255 560 in
1280 494 1412 559 cohorte

213 603 295 667 deae
319 607 353 666 et
373 602 490 667 haeret
511 601 546 666 in
568 601 673 667 latare
696 600 861 684 Erycinae
884 619 980 682 quam
1001 605 1038 666 ut
1060 599 1108 666 ait
1129 599 1292 666 Horatius
1314 599 1411 666 Jocus

213 706 426 773 circumvolat
459 711 494 771 et
523 706 657 788 Cupido.
710 706 801 789 Ergo
836 704 961 789 explosi
995 705 1073 771 mihi
1106 706 1263 773 videntur
1301 705 1331 771 si
1361 705 1411 787 qui

214 811 305 901 ἰούσῃ
328 811 368 877 de
383 830 421 877 re
436 811 578 893 repetita
597 809 745 894 intellegi
760 829 857 892 posse
881 809 941 876 sihi
957 809 1191 892 persuaserint.
1229 810 1409 892 Argumen-

213 916 313 982 tando
336 914 437 997 igitur
452 934 490 980 eo
514 914 639 980 redacti
662 934 783 996 sumus,
807 920 845 981 ut
861 914 953 1005 ἰούσῃ
976 914 1141 996 pertinere
1164 920 1355 980 statuamus
1372 914 1410 980 ad

213 1025 338 1086 certum
376 1018 508 1099 aliquod
544 1018 675 1084 factum.
733 1020 805 1084 Hoc
842 1018 928 1105 quod
966 1018 1242 1101 circumspicimus
1276 1019 1407 1099 factum,

213 1123 474 1206 quandoquidem
502 1123 664 1188 Venerem
695 1123 885 1204 saepissime
916 1124 1050 1189 deorum
1081 1129 1264 1190 conventus
1293 1123 1409 1190 adiisse

160 1260 164 1266 ·
213 1234 467 1295 consentaneum
491 1234 555 1311 ost,
587 1228 668 1294 satis
698 1228 908 1295 memorabile
938 1228 1040 1295 fuisse
1070 1228 1186 1312 colligo
1217 1234 1254 1294 et
1283 1229 1326 1293 ob
1356 1228 1408 1294 ali·

213 1354 310 1416 quam
340 1326 473 1399 causam
507 1332 640 1417 dignam
670 1333 762 1399 ouius
794 1332 929 1399 seorsim
957 1336 992 1399 et
1025 1351 1105 1415 prae
1136 1331 1256 1398 ceteris
1291 1332 1408 1399 mentio

212 1439 315 1504 fieret.
362 1437 443 1502 Tale
473 1436 550 1518 quid
580 1456 699 1504 revera
729 1437 887 1504 accidisse
910 1442 945 1503 et
966 1437 1000 1515 id
1029 1436 1123 1504 brevi
1150 1441 1227 1518 post
1249 1437 1408 1503 Venerem
1433 1449 1450 1476 ⁴

212 1547 325 1608 natam
359 1542 489 1609 aliunde
523 1548 723 1625 compertum
757 1544 923 1611 habemus.
972 1543 1135 1610 Venerem
1168 1548 1346 1626 postquam
1377 1543 1408 1609 iu

212 1647 295 1714 mari
317 1652 397 1714 nata
420 1649 463 1714 ad
486 1649 629 1733 Cyprum
652 1647 792 1715 insulam
816 1648 955 1732 appulsa
977 1654 1030 1715 est

893 1783 1100 1856 χρυσάμπυκες
1114 1771 1199 1850 Ὧραι
1396 1785 1409 1831 5

404 1867 511 1927 δέξαντ’
530 1871 689 1933 concolor,
709 1875 775 1939 περὶ
795 1869 821 1923 δ’
841 1873 972 1944 ἄμβροτα
994 1873 1099 1939 εἵματα
1118 1871 1213 1924 ἕσσαν.

404 1955 495 2030 αὐτὰρ
516 1959 577 2012 ἐπεὶ
598 1955 629 2024 δι)
651 1959 747 2012 πάντα
766 1962 833 2027 περὶ
848 1961 916 2032 χροῒ
937 1957 1048 2028 κόσμον
1066 1961 1173 2023 ἔθηκαν
1381 1960 1409 2008 lt

403 2041 474 2113 ἦγον
492 2046 521 2104 ἐς
543 2045 709 2105 rimandaque
732 2047 811 2110 (tunc
829 2044 901 2099 sorte
920 2045 1095 2100 convivantes
1114 2047 1186 2098 teste

402 2129 519 2186 Platona
538 2130 661 2200 Sympos.
674 2132 755 2184 203ss
774 2125 819 2186 ὅτε
838 2130 894 2202 γὰρ
915 2135 1027 2202 ἐγένετο
1047 2134 1062 2198 ‘i
1078 2134 1181 2204 Ἀφρο-

405 2218 464 2284 δίτη
485 2219 630 2273 εἱστιῶντο
650 2222 677 2273 οἱ
696 2221 794 2288 decii),
814 2223 842 2274 οἳ
861 2219 886 2272 δ’
906 2220 1066 2285 η’σκτίζοντο
1089 2218 1198 2277 ἰδόντες

399 2313 482 2376 χερσί
501 2305 522 2358 τ’
542 2306 706 2364 ἐδεξιόωντο
725 2312 772 2359 καὶ
793 2307 931 2379 η’ρησαντο
952 2305 1068 2364 ἕκαστος

403 2394 479 2448 εἶναι
498 2393 646 2467 κουριδίην
664 2395 769 2462 τῖλοχον
787 2398 834 2445 καὶ
855 2391 946 2446 οἴκαδ’
966 2393 1102 2461 ἄγεσθαι,

404 2481 479 2540 εἶδος
499 2483 695 2546 θαυμάζοντες
713 2481 886 2549 ἰοστεφάνου
905 2486 1071 2551 Κυθερείης.

212 2598 272 2664 His
289 2599 330 2664 ab
346 2603 480 2663 auctore
495 2596 608 2679 hymni
623 2595 776 2662 homerici
792 2596 822 2661 V
846 2598 889 2673 εἰς
906 2594 1102 2682 Ἀφροδίτην
1123 2592 1269 2660 narratis
1298 2592 1411 2674 opinor

211 2703 296 2769 idem
319 2702 399 2767 illud
419 2701 542 2767 factum
561 2700 699 2766 iudicari
722 2699 808 2780 quod
832 2699 995 2765 Hesiodus
1018 2717 1135 2768 versus
1155 2698 1306 2763 clausula
1331 2702 1411 2763 θεῶν

212 2811 244 2885 ἐς
268 2813 369 2895 φῦλον
394 2806 486 2895 ἰούσῃ
507 2804 671 2885 respiciat.
707 2804 799 2869 Haec
822 2806 924 2872 verba
947 2822 1031 2885 quae
1055 2803 1245 2869 adsertam
1269 2800 1411 2883 aliquam

211 2932 280 2978 rem
315 2917 466 2994 spectare
500 2909 649 2975 srrbtilior
678 2909 741 2975 loci
772 2908 1001 2992 interpretatio
1033 2908 1131 2977 evicit
1160 2897 1233 2991 per
1251 2926 1288 2973 se
1317 2907 1410 2974 nimis

211 3017 278 3082 late
301 3015 467 3098 patentia,
500 3020 536 3080 ut
566 3020 656 3080 stare
683 3015 853 3095 locumque
876 3014 909 3079 iu
940 3032 999 3080 suo
1023 3012 1192 3079 enuntiato
1216 3018 1296 3094 apte
1327 3011 1411 3079 tueri

212 3121 347 3203 possint,
371 3119 520 3203 indigent
543 3119 765 3184 additamento
789 3138 853 3199 quo
883 3124 1012 3200 tempus
1043 3123 1100 3183 τοῦ
1130 3118 1214 3182 ἰέναι
1238 3119 1282 3195 εἰς
1312 3123 1412 3203 φῦλον

213 3229 297 3289 θεῶν
328 3223 382 3290 vel
413 3221 539 3288 occasio
574 3220 759 3287 accuratius
790 3219 973 3287 definiatur.
1026 3221 1169 3303 Tempus
1199 3219 1302 3288 luisse
1331 3222 1410 3288 illud

212 3350 283 3396 curu
300 3329 412 3395 Venus
435 3326 594 3410 primum
616 3326 650 3392 iu
672 3325 861 3393 caelestium
885 3324 1076 3392 societatem
1092 3324 1185 3407 quasi
1208 3325 1412 3408 reciperetur

213 3474 253 3483 —-
274 3420 364 3517 ¹quod
393 3441 523 3516 tempus
554 3438 676 3515 quanto
706 3432 881 3500 intervallo
909 3433 1049 3523 Veneris
1078 3433 1192 3498 horam
1223 3432 1411 3498 nataliciam

212 3541 256 3606 sit
284 3539 468 3606 insecutum
496 3538 530 3604 iu
560 3537 748 3603 Hesiodo
778 3538 938 3602 incertum
964 3575 1003 3583 -
1026 3536 1123 3602 fidem
1146 3535 1227 3603 facit
1250 3555 1346 3617 quem
1370 3537 1411 3603 ad

211 3644 432 3711 testimonium
460 3642 632 3710 dicendum
667 3641 842 3709 accivimus
871 3642 903 3706 h.
926 3641 957 3706 h.
989 3642 1019 3705 V
1049 3646 1172 3707 atrctor.
1218 3640 1326 3707 Huius
1357 3660 1409 3724 ge-

211 3749 299 3815 neris
322 3749 519 3815 senteutiam
542 3755 621 3815 ute
651 3745 782 3814 traditis
806 3744 915 3813 verbis
939 3744 1120 3827 eliciamuS‚
1152 3744 1231 3810 nihil
1256 3764 1339 3827 opus
1363 3752 1412 3812 est

212 3854 274 3921 uisi
297 3874 362 3921 uua
384 3854 532 3921 litterula
556 3853 583 3920 τ’
608 3855 726 3935 deleta,
751 3857 788 3918 ut
809 3852 892 3917 haec
915 3850 1038 3918 evadat
1061 3848 1223 3916 enuntiati
1246 3850 1368 3917 forma:

457 3977 487 4050 τῇ
507 3976 532 4030 δ’
546 3980 627 4049 Ἔρος
647 3978 795 4049 ὡμάρτησε
815 3980 862 4027 καὶ
876 3968 986 4047 Ἵμερος
1006 3972 1107 4026 ἕσπετο
1127 3969 1209 4031 καλὸς
1446 3954 1448 3964 ¹

457 4071 608 4137 γεινομένῃ
628 4063 661 4117 τὰ
682 4064 779 4137 πρῶτα
798 4064 874 4118 δετῦν
892 4064 920 4121 ἐς
939 4061 1032 4131 εμῦλον
1051 4063 1138 4132 ἰούσῃ.

214 4171 281 4235 ‘Ihr
311 4170 470 4253 gesellteu
500 4170 569 4236 sich
592 4169 677 4235 Eros
707 4168 773 4250 und
795 4167 964 4249 Himeros,
992 4167 1045 4232 als
1075 4165 1122 4233 sie
1152 4166 1236 4232 uach
1267 4167 1327 4234 der
1349 4168 1411 4233 Ge-

212 4276 293 4339 hurt
319 4293 391 4339 zum
422 4279 531 4340 ersten
556 4274 661 4339 Male‘
674 4273 747 4358 (aut
775 4273 881 4355 gleich
912 4272 995 4338 uach
1026 4273 1085 4337 der
1112 4269 1287 4357 Geburt)¹)
1316 4276 1413 4338 unter

214 4435 421 4444 m*—

286 4508 308 4564 ¹)
327 4506 479 4575 γεινομένῃ
499 4498 532 4552 τοὶ
554 4500 650 4572 πρῶτοι
664 4522 696 4549 =
710 4495 797 4556 εδδύς
816 4474 969 4571 γενομένω
990 4496 1024 4554 cf.
1039 4498 1057 4550 δ
1070 4503 1126 4550 159.
1146 4501 1250 4553 11811.
1270 4495 1412 4563 Aristoph.
