2964 5018
691 209 925 273 -488-

216 395 424 477 pratentibus
447 395 572 477 etipse
598 394 719 461 sentire
746 394 823 460 mihi
844 394 975 477 videor3
999 395 1148 462 desidero
1172 402 1262 461 certe
1285 396 1402 476 aliquid

216 499 460 582 significantius.
492 501 600 566 Verae
616 500 796 583 scripturae
811 500 896 566 idem
920 499 1098 566 Simonides
1115 499 1199 566 Ceus
1215 501 1405 568 adservant

216 603 401 670 memoriam
424 605 479 685 qui
501 604 540 669 fr.
564 607 594 687 5,
621 607 658 670 11

485 710 634 777 εύρυέύους
655 704 717 763 ὅσοι
735 710 846 782 καρπὸν
865 712 1009 780 αἰνύμεθα
1025 712 1132 779 χθονός
1202 779 1207 787 ἱ

216 803 331 880 aperte
350 797 526 865 Homerum
548 797 694 863 imitatur
712 797 866 885 (α’ρούρης
887 796 1010 883 καρπὸν
1030 800 1154 875 ἔδοντες
1172 803 1204 863 Φ
1218 800 1302 880 465,
1318 798 1406 882 χθών

217 902 403 986 coccinea).
435 903 608 969 Rescribas
630 903 731 986 igitur
752 923 803 969 me
819 908 953 969 auctore
975 904 1063 985 apud
1078 904 1256 969 Homerum
1280 922 1407 984 quoque

215 1007 334 1092 χθονὸς
357 1004 568 1093 edocendae)
592 1009 677 1087 quod
701 1008 820 1090 optime
842 1009 986 1074 illustrat
1007 1009 1086 1074 Hes.
1109 1009 1275 1091 Theogon.
1303 1012 1363 1073 111
1403 1022 1406 1026 ·

451 1111 511 1166 Γαῖ’
530 1114 725 1185 εὐρύστερνος,
744 1115 861 1167 πόντων
880 1114 944 1174 ἕύος
964 1115 1089 1183 domatio
1108 1118 1163 1167 αλεὶ

216 1200 294 1286 (118
310 1200 440 1283 spurius
456 1218 516 1266 nec
538 1204 634 1266 notus
649 1200 781 1266 Platoni
795 1201 966 1268 Amstoteli
980 1201 1216 1287 Plutarchum
1244 1201 1292 1268 of.
1310 1203 1407 1269 etiam

216 1309 310 1392 γαίας
335 1304 507 1388 εὐρυπέδου
530 1305 641 1387 Bergk
656 1305 669 1340 ⁴
685 1305 738 1371 IH
754 1308 816 1371 ’132
839 1325 888 1372 nr.
908 1310 979 1388 138,
1003 1309 1033 1372 4.
1070 1306 1265 1391 εὐρυκόλπου
1287 1307 1407 1391 χθονός

216 1411 310 1477 Piud.
334 1411 424 1476 Nem.
448 1410 514 1475 VII
537 1413 588 1477 33.
625 1409 730 1494 ειῗρεῐυ
753 1411 844 1496 χθών
865 1441 888 1464 =
909 1418 985 1478 sort.
1010 1423 1085 1476 aroc
1109 1411 1237 1494 ‘Erde’3
1263 1412 1406 1479 eiusdem

216 1516 355 1582 notionis
378 1515 466 1581 ιπολιτ
483 1515 518 1600 (i.
535 1535 562 1581 e.
578 1515 715 1603 μεγάλη)
739 1523 774 1582 et
790 1516 916 1601 pythici
933 1516 967 1602 (i.
985 1536 1012 1582 a.
1031 1514 1179 1601 πλατεῖα)
1200 1546 1221 1569 =
1236 1518 1405 1599 anglosar.

215 1621 310 1703 felde,
332 1625 398 1687 vet.
415 1638 526 1685 saxon.
542 1618 632 1702 folda
648 1620 756 1703 KIuge
770 1620 838 1686 PB.
855 1621 904 1686 IX
923 1622 993 1685 194.
1018 1620 1110 1686 zend.
1125 1641 1199 1701 rom
1217 1623 1407 1705 perethwcm

216 1747 247 1794 v.
277 1724 409 1790 Bradke
439 1724 552 1807 Dydus
583 1726 692 1790 Asnra
721 1727 762 1790 48
793 1724 828 1809 (i.
852 1745 879 1791 e.
903 1744 1020 1809 graece
1049 1724 1155 1810 χθόνα
1186 1729 1405 1814 πλατεῑυυ);1)

217 1853 260 1896 αα
283 1830 407 1896 thescro
430 1828 547 1895 creton
570 1831 686 1895 weron
708 1831 959 1898 Heliand1658.
998 1832 1163 1898 Amabant
1177 1833 1407 1918 Indogermani

217 1942 327 2003 terrae
365 1953 481 2000 nomen
519 1941 552 2001 et
588 1935 735 2017 epitheta
769 1936 883 2002 indere
920 1937 1091 2019 desumpto
1128 1940 1169 2004 ab
1212 1938 1283 2004 eius
1312 1946 1406 2005 vasto

217 2040 385 2106 ambitu.
424 2039 738 2124 Breitstrassige
760 2042 850 2107 Erde
869 2047 978 2107 temen
1001 2042 1055 2123 qui
1079 2043 1228 2126 dixerint,
1253 2043 1282 2108 si
1304 2046 1406 2110 locum

216 2166 290 2211 mox
324 2144 522 2212 afferendum
557 2146 740 2228 exceperis,
779 2146 856 2213 novi
888 2147 1003 2212 nullos.
1035 2185 1074 2195 ·-
1105 2147 1227 2214 Vitium
1266 2148 1406 2216 fortasse

216 2257 381 2318 vetustum
410 2256 477 2335 est3
509 2250 549 2316 cf.
580 2252 610 2315 h.
640 2252 671 2317 h.
702 2251 736 2317 in
759 2251 831 2316 Cer.
858 2254 896 2317 16
924 2249 1014 2336 χθών
1044 2251 1216 2338 εὐρυάγυια
1243 2256 1331 2334 quod
1353 2255 1406 2335 qui

216 2355 367 2439 novavit,
398 2354 468 2424 sive
490 2355 560 2438 ipse
584 2360 698 2422 auctor
720 2355 781 2422 fun
803 2356 874 2425 sive
899 2356 1068 2439 libratim,
1101 2358 1170 2424 sine
1201 2358 1298 2425 dubio
1331 2365 1406 2426 ante

217 2461 326 2527 oculos
349 2461 463 2528 habuit
485 2461 667 2550 εὐρυοδείης
690 2482 826 2544 pravam
849 2462 1028 2528 lectionem.

699 2637 733 2702 II
786 2687 793 2702 .
817 2639 869 2718 52,
895 2639 923 2701 2.

304 2760 408 2826 Juxta
422 2761 570 2842 βασι1ειυ
595 2758 695 2824 simm.
712 2656 830 2824 Atiicis
853 2759 886 2823 in
907 2778 967 2824 usu
990 2757 1089 2824 fuisse
1113 2759 1273 2840 producte
1296 2761 1410 2828 ultima

219 2867 318 2949 ἱερειίι
336 2865 535 2931 ‘Priesterin’
552 2870 717 2931 testantur
732 2863 939 2930 Herodianus
955 2862 1004 2949 (Π
1023 2865 1072 2946 12,
1089 2866 1131 2929 34
1143 2882 1189 2945 sq.
1211 2867 1286 2947 454,
1304 2867 1346 2931 23
1356 2867 1408 2952 L.)

289 3041 308 3109 ¹)
327 3039 361 3093 cf.
393 3040 544 3112 αρτιεπετα
578 3038 714 3103 ἤύυέπεια
744 3035 921 3089 ἱπποδάσεια
945 3037 1137 3108 χαλκοβάρεια
1168 3037 1329 3108 ύτομόύεια.
1367 3039 1409 3095 Ad

218 3128 386 3194 Ὑψιπύλεια
407 3122 440 3181 cf.
460 3125 622 3192 εύρυπυλιὶς,
659 3125 830 3177 Καλλιόπεια
852 3123 1067 3177 contaminatum
1088 3140 1102 3177 a
1121 3127 1265 3191 Καλλιόπη
1285 3133 1314 3179 et
1333 3132 1410 3180 Καλ-

218 3219 328 3268 λιεπεια
350 3212 394 3277 (cf.
408 3215 582 3278 καλλιεπεῖν).
603 3211 851 3283 δυσαριστοτόκεια
870 3214 1073 3281 Ποντοπόρεια
1093 3215 1279 3280 Κυμοπόλεια
1293 3220 1408 3287 Περσε-

218 3305 322 3373 φόνεια
347 3301 505 3370 Ἀστυόχεια
532 3306 552 3353 Β
573 3303 622 3351 658
649 3299 787 3368 (Ἀστυόχη
808 3301 868 3366 513)
894 3300 1077 3370 Κυμοδόκετα
1101 3299 1193 3368 (Verg.
1213 3304 1281 3355 Aen.
1301 3304 1326 3356 X
1346 3309 1410 3371 2253

218 3389 372 3456 Κυμοδόκη
396 3386 460 3442 Ηοτ.
479 3386 616 3452 Theogon.
642 3390 702 3449 252)
732 3387 920 3458 Τεριριχόρειυ
946 3393 1019 3452 cett,
1047 3385 1080 3438 de
1107 3387 1205 3454 quibua
1230 3387 1411 3445 conferantur

219 3483 344 3532 auctores
369 3490 387 3529 a
409 3474 530 3530 naason
549 3472 655 3528 laudati
680 3472 771 3526 Herm.
796 3472 890 3525 XXIII
909 3479 959 3527 615
978 3488 1017 3541 sq.
1040 3478 1069 3527 et
1087 3473 1118 3528 0.
1137 3472 1286 3529 Schneider
1305 3476 1366 3531 Nic.
1386 3485 1409 3546 2,

218 3571 282 3618 sunt
300 3562 467 3617 femininae
491 3560 643 3617 nominibus
661 3562 689 3614 iu
714 3562 777 3621 -εύς
802 3559 883 3613 ducta
908 3560 964 3614 sioc
984 3560 1054 3615 veris
1078 3577 1125 3615 seu
1148 3562 1225 3629 quasi
1243 3567 1410 3633 cogitatione

218 3649 424 3718 interponendis
448 3651 656 3719 (πατροᾳιονεύς
678 3651 806 3720 ρ’νιοχεύς
827 3652 1038 3720 α’μτμιπολεύειν
1063 3652 1288 3722 βασσούομεύειν
1308 3673 1410 3725 ‚sorvo-

215 3740 330 3809 χοεύειν
358 3738 568 3806 μυθολογεύειν
591 3739 816 3808 ποντοπορεύειν
841 3740 998 3798 πανδοκεύς
1023 3739 1079 3792 Leo
1103 3740 1196 3808 Meyer
1222 3740 1249 3794 11
1272 3748 1321 3809 143
1348 3760 1410 3797 cum

219 3826 378 3899 Ευρυόύεια
396 3843 422 3879 n.
442 3841 481 3894 pr.
501 3826 618 3892 [Cereris
636 3825 732 3894 opitu]
751 3824 785 3878 ci.
806 3826 935 3894 ὁδεύειν).
971 3824 1045 3879 idem
1065 3826 1098 3879 de
1117 3827 1293 3895 Λυοιλιὲμεια
1311 3832 1407 3885 Ἱππο-

220 3915 326 3984 δάμεια
344 3911 519 3968 Indicandum
536 3913 651 3970 videtur.

290 4007 309 4066 ἱ1
329 4003 477 4075 εσρυόύειυ
507 4017 540 4055 ex
568 4004 648 4075 εὐρύς
680 4010 708 4055 et
740 4002 803 4061 ἓύος
836 4000 937 4054 factum
972 4003 1026 4055 iam
1054 4015 1159 4056 veteres
1186 4005 1320 4072 suspicati
1348 4017 1411 4061 sunt

219 4088 281 4143 EM.
302 4095 360 4156 396,
380 4094 528 4164 2111ροπῄ
548 4092 596 4144 τού
616 4110 628 4145 ε
649 4096 687 4150 εἰς
708 4110 732 4153 o,
752 4089 858 4143 nitachl
883 4089 916 4142 de
939 4088 994 4142 Oro
1017 4099 1046 4143 et
1064 4090 1164 4144 Orione
1184 4090 1234 4158 Op.
1254 4092 1265 4144 1
1285 4099 1357 4153 teor.
1380 4125 1408 4133 -

220 4178 307 4230 Error
319 4178 472 4232 contrarius
485 4177 583 4231 accidit
590 4177 672 4231 verbo
686 4185 826 4247 στοναχέω
839 4183 1000 4248 (στοναχίζω
1014 4177 1165 4232 Buttmann
1175 4179 1248 4236 lexil.
1259 4181 1272 4233 I
1282 4187 1332 4234 nrt
1342 4184 1411 4250 sqq.)

219 4266 262 4318 cui
287 4265 340 4319 iam
366 4264 439 4318 tituli
461 4265 580 4319 vocalem
604 4264 712 4334 gemelli
737 4266 864 4334 στεναχω
889 4264 988 4317 iniuria
1013 4262 1147 4332 tribuere,
1171 4265 1270 4320 KaibeI
1296 4274 1362 4335 205,
1388 4277 1409 4325 t.

220 4356 279 4419 noo,
298 4357 339 4405 ao.
359 4356 399 4404 14.
428 4357 487 4417 naa,
507 4359 530 4406 a.
557 4358 616 4421 251,
635 4358 657 4404 c.

290 4442 309 4506 ³)
328 4446 523 4509 βαθυστέρνου
542 4443 647 4500 πλάτος
667 4447 728 4505 orior
750 4441 830 4510 Cypr.
853 4447 874 4509 1,
894 4446 909 4492 2
929 4456 954 4507 p.
973 4445 1007 4494 20
1025 4440 1107 4494 Kinlr.
1138 4440 1333 4515 Εύρύστερνος
1352 4446 1386 4507 (Γ
1384 4444 1409 4511 ἦ)

220 4526 337 4581 Pausan.
357 4525 410 4580 vu
429 4531 471 4594 25,
494 4533 533 4585 1³.
