<?xml version="1.0" encoding="UTF-8"?>
<!DOCTYPE html PUBLIC "-//W3C//DTD XHTML 1.0 Transitional//EN"
    "http://www.w3.org/TR/xhtml1/DTD/xhtml1-transitional.dtd">
<html xmlns="http://www.w3.org/1999/xhtml" xml:lang="en" lang="en">
 <head>
  <title>
</title>
<meta http-equiv="Content-Type" content="text/html;charset=utf-8" />
  <meta name='ocr-system' content='tesseract 3.04.00' />
  <meta name='ocr-capabilities' content='ocr_page ocr_carea ocr_par ocr_line ocrx_word'/>
</head>
<body>
  <div class='ocr_page' id='page_1' title='image "./quaestionesepca00schugoog_0443.png"; bbox 0 0 2956 5018; ppageno 0'>
   <div class='ocr_carea' id='block_1_1' title="bbox 701 197 937 264">
    <p class='ocr_par' dir='ltr' id='par_1_1' title="bbox 701 197 937 264">
     <span class='ocr_line' id='line_1_1' title="bbox 701 197 937 264; baseline 0 -19"><span class='ocrx_word' id='word_1_1' title='bbox 701 197 937 264; x_wconf 72' lang='lat'>-430-</span> 
     </span>
    </p>
   </div>
   <div class='ocr_carea' id='block_1_2' title="bbox 220 387 1416 1076">
    <p class='ocr_par' dir='ltr' id='par_1_2' title="bbox 221 387 1412 576">
     <span class='ocr_line' id='line_1_2' title="bbox 221 387 1412 470; baseline -0.002 -15"><span class='ocrx_word' id='word_1_2' title='bbox 221 389 400 455; x_wconf 79' lang='lat' dir='ltr'><strong>suadeatur</strong></span> <span class='ocrx_word' id='word_1_3' title='bbox 428 387 525 453; x_wconf 87' lang='lat' dir='ltr'><strong>certis</strong></span> <span class='ocrx_word' id='word_1_4' title='bbox 548 405 630 469; x_wconf 90' lang='lat' dir='ltr'><strong>opus</strong></span> <span class='ocrx_word' id='word_1_5' title='bbox 661 392 712 452; x_wconf 88' lang='lat' dir='ltr'><strong>est</strong></span> <span class='ocrx_word' id='word_1_6' title='bbox 734 387 936 470; x_wconf 83' lang='lat' dir='ltr'><strong>argumentis</strong></span> <span class='ocrx_word' id='word_1_7' title='bbox 960 405 1065 468; x_wconf 90' lang='lat' dir='ltr'><strong>neque</strong></span> <span class='ocrx_word' id='word_1_8' title='bbox 1088 387 1136 453; x_wconf 90' lang='lat' dir='ltr'><strong>eis</strong></span> <span class='ocrx_word' id='word_1_9' title='bbox 1167 406 1253 469; x_wconf 91' lang='lat' dir='ltr'><strong>quae</strong></span> <span class='ocrx_word' id='word_1_10' title='bbox 1281 387 1315 453; x_wconf 90' lang='lat' dir='ltr'><strong>in</strong></span> <span class='ocrx_word' id='word_1_11' title='bbox 1346 406 1412 453; x_wconf 92' lang='lat' dir='ltr'><strong>con-</strong></span> 
     </span>
     <span class='ocr_line' id='line_1_3' title="bbox 221 491 874 576; baseline -0.006 -17"><span class='ocrx_word' id='word_1_12' title='bbox 221 494 345 559; x_wconf 88' lang='lat' dir='ltr'><strong>iectura</strong></span> <span class='ocrx_word' id='word_1_13' title='bbox 368 492 476 573; x_wconf 89' lang='lat' dir='ltr'><strong>posita</strong></span> <span class='ocrx_word' id='word_1_14' title='bbox 499 492 564 557; x_wconf 92' lang='lat' dir='ltr'><strong>sint</strong></span> <span class='ocrx_word' id='word_1_15' title='bbox 586 491 681 556; x_wconf 89' lang='lat' dir='ltr'><strong>nimis</strong></span> <span class='ocrx_word' id='word_1_16' title='bbox 703 491 837 557; x_wconf 87' lang='lat' dir='ltr'><strong>lubrica.</strong></span> <span class='ocrx_word' id='word_1_17' title='bbox 847 492 874 576; x_wconf 87' lang='lat'><strong>¹)</strong></span> 
     </span>
    </p>

    <p class='ocr_par' dir='ltr' id='par_1_3' title="bbox 220 595 1416 1076">
     <span class='ocr_line' id='line_1_4' title="bbox 308 595 1414 677; baseline -0.002 -15"><span class='ocrx_word' id='word_1_18' title='bbox 308 597 427 663; x_wconf 83' lang='lat' dir='ltr'><strong>Paucis</strong></span> <span class='ocrx_word' id='word_1_19' title='bbox 459 602 497 661; x_wconf 91' lang='lat' dir='ltr'><strong>ut</strong></span> <span class='ocrx_word' id='word_1_20' title='bbox 529 614 684 661; x_wconf 89' lang='lat' dir='ltr'><strong>summam</strong></span> <span class='ocrx_word' id='word_1_21' title='bbox 715 595 849 677; x_wconf 90' lang='lat' dir='ltr'><strong>faciam,</strong></span> <span class='ocrx_word' id='word_1_22' title='bbox 884 597 965 662; x_wconf 94' lang='lat' dir='ltr'><strong>nulli</strong></span> <span class='ocrx_word' id='word_1_23' title='bbox 995 615 1111 663; x_wconf 88' lang='lat' dir='ltr'><strong>versus</strong></span> <span class='ocrx_word' id='word_1_24' title='bbox 1141 596 1265 662; x_wconf 84' lang='lat' dir='ltr'><strong>heroici</strong></span> <span class='ocrx_word' id='word_1_25' title='bbox 1294 596 1414 662; x_wconf 88' lang='lat' dir='ltr'><strong>sedium</strong></span> 
     </span>
     <span class='ocr_line' id='line_1_5' title="bbox 221 698 1416 782; baseline -0.003 -15"><span class='ocrx_word' id='word_1_26' title='bbox 221 702 409 767; x_wconf 79' lang='lat' dir='ltr'><strong>trochaeum</strong></span> <span class='ocrx_word' id='word_1_27' title='bbox 431 699 568 782; x_wconf 89' lang='lat' dir='ltr'><strong>spondei</strong></span> <span class='ocrx_word' id='word_1_28' title='bbox 590 699 662 766; x_wconf 89' lang='lat' dir='ltr'><strong>vice</strong></span> <span class='ocrx_word' id='word_1_29' title='bbox 684 698 873 782; x_wconf 83' lang='lat' dir='ltr'><strong>fungentem</strong></span> <span class='ocrx_word' id='word_1_30' title='bbox 897 706 1008 782; x_wconf 90' lang='lat' dir='ltr'><strong>aptum</strong></span> <span class='ocrx_word' id='word_1_31' title='bbox 1025 719 1098 766; x_wconf 90' lang='lat' dir='ltr'><strong>csse</strong></span> <span class='ocrx_word' id='word_1_32' title='bbox 1122 699 1264 768; x_wconf 88' lang='lat' dir='ltr'><strong>vidimus</strong></span> <span class='ocrx_word' id='word_1_33' title='bbox 1287 704 1416 780; x_wconf 88' lang='lat' dir='ltr'><strong>praeter</strong></span> 
     </span>
     <span class='ocr_line' id='line_1_6' title="bbox 221 802 1415 886; baseline -0.003 -16"><span class='ocrx_word' id='word_1_34' title='bbox 221 824 318 870; x_wconf 91' lang='lat' dir='ltr'><strong>unam</strong></span> <span class='ocrx_word' id='word_1_35' title='bbox 332 804 479 886; x_wconf 88' lang='lat' dir='ltr'><strong>primam,</strong></span> <span class='ocrx_word' id='word_1_36' title='bbox 503 804 594 869; x_wconf 90' lang='lat' dir='ltr'><strong>cuins</strong></span> <span class='ocrx_word' id='word_1_37' title='bbox 609 802 712 869; x_wconf 91' lang='lat' dir='ltr'><strong>thesis</strong></span> <span class='ocrx_word' id='word_1_38' title='bbox 734 805 867 871; x_wconf 89' lang='lat' dir='ltr'><strong>brevem</strong></span> <span class='ocrx_word' id='word_1_39' title='bbox 883 803 1000 884; x_wconf 84' lang='lat' dir='ltr'><strong>recipit</strong></span> <span class='ocrx_word' id='word_1_40' title='bbox 1021 809 1099 869; x_wconf 89' lang='lat' dir='ltr'><strong>ante</strong></span> <span class='ocrx_word' id='word_1_41' title='bbox 1115 803 1291 884; x_wconf 83' lang='lat' dir='ltr'><strong>diaeresin,</strong></span> <span class='ocrx_word' id='word_1_42' title='bbox 1315 821 1358 867; x_wconf 90' lang='lat' dir='ltr'><strong>ne</strong></span> <span class='ocrx_word' id='word_1_43' title='bbox 1381 821 1415 867; x_wconf 90' lang='lat' dir='ltr'><strong>ea</strong></span> 
     </span>
     <span class='ocr_line' id='line_1_7' title="bbox 220 905 1416 991; baseline -0.002 -18"><span class='ocrx_word' id='word_1_44' title='bbox 220 908 350 988; x_wconf 90' lang='lat' dir='ltr'><strong>quidem</strong></span> <span class='ocrx_word' id='word_1_45' title='bbox 373 908 443 973; x_wconf 90' lang='lat' dir='ltr'><strong>sine</strong></span> <span class='ocrx_word' id='word_1_46' title='bbox 459 907 557 972; x_wconf 91' lang='lat' dir='ltr'><strong>certis</strong></span> <span class='ocrx_word' id='word_1_47' title='bbox 581 905 773 987; x_wconf 90' lang='lat' dir='ltr'><strong>quibusdam</strong></span> <span class='ocrx_word' id='word_1_48' title='bbox 796 906 838 971; x_wconf 89' lang='lat' dir='ltr'><strong>de</strong></span> <span class='ocrx_word' id='word_1_49' title='bbox 856 925 999 973; x_wconf 90' lang='lat' dir='ltr'><strong>consona</strong></span> <span class='ocrx_word' id='word_1_50' title='bbox 1021 907 1054 973; x_wconf 89' lang='lat' dir='ltr'><strong>in</strong></span> <span class='ocrx_word' id='word_1_51' title='bbox 1078 926 1237 991; x_wconf 82' lang='lat' dir='ltr'><strong>compage</strong></span> <span class='ocrx_word' id='word_1_52' title='bbox 1260 907 1416 973; x_wconf 85' lang='lat' dir='ltr'><strong>collocata</strong></span> 
     </span>
     <span class='ocr_line' id='line_1_8' title="bbox 220 1010 470 1076; baseline 0 0"><span class='ocrx_word' id='word_1_53' title='bbox 220 1010 470 1076; x_wconf 86' lang='lat' dir='ltr'><strong>condicionibus.</strong></span> 
     </span>
    </p>
   </div>
   <div class='ocr_carea' id='block_1_3' title="bbox 579 1131 1062 1218">
    <p class='ocr_par' dir='ltr' id='par_1_4' title="bbox 579 1131 1062 1218">
     <span class='ocr_line' id='line_1_9' title="bbox 579 1131 1062 1218; baseline 0.002 -22"><span class='ocrx_word' id='word_1_54' title='bbox 579 1131 641 1196; x_wconf 90' lang='grc' dir='ltr'><strong>ΠΙ.</strong></span> <span class='ocrx_word' id='word_1_55' title='bbox 675 1132 825 1216; x_wconf 71' lang='grc' dir='ltr'><strong><em>Στίχοι</em></strong></span> <span class='ocrx_word' id='word_1_56' title='bbox 854 1133 1062 1218; x_wconf 68' lang='grc' dir='ltr'><strong><em>μείουροι.</em></strong></span> 
     </span>
    </p>
   </div>
   <div class='ocr_carea' id='block_1_4' title="bbox 211 1249 1419 3306">
    <p class='ocr_par' dir='ltr' id='par_1_5' title="bbox 211 1249 1419 3201">
     <span class='ocr_line' id='line_1_10' title="bbox 308 1249 1415 1335; baseline 0.003 -20"><span class='ocrx_word' id='word_1_57' title='bbox 308 1250 455 1316; x_wconf 88' lang='lat' dir='ltr'><strong>Sermoni</strong></span> <span class='ocrx_word' id='word_1_58' title='bbox 482 1249 643 1315; x_wconf 89' lang='lat' dir='ltr'><strong>homerico</strong></span> <span class='ocrx_word' id='word_1_59' title='bbox 673 1268 746 1314; x_wconf 93' lang='lat' dir='ltr'><strong>cum</strong></span> <span class='ocrx_word' id='word_1_60' title='bbox 773 1252 883 1332; x_wconf 91' lang='lat' dir='ltr'><strong>paullo</strong></span> <span class='ocrx_word' id='word_1_61' title='bbox 914 1252 1124 1318; x_wconf 88' lang='lat' dir='ltr'><strong>attentiorem</strong></span> <span class='ocrx_word' id='word_1_62' title='bbox 1155 1271 1266 1319; x_wconf 89' lang='lat' dir='ltr'><strong>curam</strong></span> <span class='ocrx_word' id='word_1_63' title='bbox 1296 1253 1415 1335; x_wconf 90' lang='lat' dir='ltr'><strong>impen-</strong></span> 
     </span>
     <span class='ocr_line' id='line_1_11' title="bbox 220 1354 1416 1438; baseline -0.001 -15"><span class='ocrx_word' id='word_1_64' title='bbox 220 1359 299 1423; x_wconf 90' lang='lat' dir='ltr'><strong>dere</strong></span> <span class='ocrx_word' id='word_1_65' title='bbox 323 1355 511 1438; x_wconf 86' lang='lat' dir='ltr'><strong>coepissem,</strong></span> <span class='ocrx_word' id='word_1_66' title='bbox 542 1374 617 1420; x_wconf 87' lang='lat' dir='ltr'><strong>mox</strong></span> <span class='ocrx_word' id='word_1_67' title='bbox 639 1354 717 1419; x_wconf 93' lang='lat' dir='ltr'><strong>mihi</strong></span> <span class='ocrx_word' id='word_1_68' title='bbox 744 1356 880 1420; x_wconf 89' lang='lat' dir='ltr'><strong>suborta</strong></span> <span class='ocrx_word' id='word_1_69' title='bbox 903 1361 955 1421; x_wconf 92' lang='lat' dir='ltr'><strong>est</strong></span> <span class='ocrx_word' id='word_1_70' title='bbox 984 1356 1024 1421; x_wconf 94' lang='lat' dir='ltr'><strong>de</strong></span> <span class='ocrx_word' id='word_1_71' title='bbox 1051 1356 1185 1422; x_wconf 89' lang='lat' dir='ltr'><strong>ultimae</strong></span> <span class='ocrx_word' id='word_1_72' title='bbox 1208 1356 1297 1422; x_wconf 90' lang='lat' dir='ltr'><strong>sedis</strong></span> <span class='ocrx_word' id='word_1_73' title='bbox 1321 1357 1416 1422; x_wconf 91' lang='lat' dir='ltr'><strong>licen·</strong></span> 
     </span>
     <span class='ocr_line' id='line_1_12' title="bbox 220 1457 1417 1543; baseline 0 -17"><span class='ocrx_word' id='word_1_74' title='bbox 220 1462 267 1526; x_wconf 89' lang='lat' dir='ltr'><strong>tia</strong></span> <span class='ocrx_word' id='word_1_75' title='bbox 301 1460 441 1541; x_wconf 88' lang='lat' dir='ltr'><strong>quadam</strong></span> <span class='ocrx_word' id='word_1_76' title='bbox 475 1457 615 1539; x_wconf 86' lang='lat' dir='ltr'><strong>suspicio</strong></span> <span class='ocrx_word' id='word_1_77' title='bbox 647 1477 711 1523; x_wconf 91' lang='lat' dir='ltr'><strong>non</strong></span> <span class='ocrx_word' id='word_1_78' title='bbox 742 1457 812 1523; x_wconf 90' lang='lat' dir='ltr'><strong>sine</strong></span> <span class='ocrx_word' id='word_1_79' title='bbox 845 1459 1017 1525; x_wconf 88' lang='lat' dir='ltr'><strong>miratione</strong></span> <span class='ocrx_word' id='word_1_80' title='bbox 1048 1479 1144 1540; x_wconf 91' lang='lat' dir='ltr'><strong>quam</strong></span> <span class='ocrx_word' id='word_1_81' title='bbox 1175 1460 1269 1543; x_wconf 86' lang='lat' dir='ltr'><strong>facit,</strong></span> <span class='ocrx_word' id='word_1_82' title='bbox 1305 1467 1344 1527; x_wconf 89' lang='lat' dir='ltr'><strong>ut</strong></span> <span class='ocrx_word' id='word_1_83' title='bbox 1374 1461 1417 1526; x_wconf 91' lang='lat' dir='ltr'><strong>ait</strong></span> 
     </span>
     <span class='ocr_line' id='line_1_13' title="bbox 220 1563 1415 1645; baseline 0.002 -17"><span class='ocrx_word' id='word_1_84' title='bbox 220 1563 350 1644; x_wconf 82' lang='lat' dir='ltr'><strong>Cicero,</strong></span> <span class='ocrx_word' id='word_1_85' title='bbox 384 1563 418 1628; x_wconf 92' lang='lat' dir='ltr'><strong>in</strong></span> <span class='ocrx_word' id='word_1_86' title='bbox 451 1581 487 1628; x_wconf 91' lang='lat' dir='ltr'><strong>re</strong></span> <span class='ocrx_word' id='word_1_87' title='bbox 511 1580 598 1630; x_wconf 90' lang='lat' dir='ltr'><strong>nova</strong></span> <span class='ocrx_word' id='word_1_88' title='bbox 621 1580 792 1628; x_wconf 88' lang='lat' dir='ltr'><strong>cansarum</strong></span> <span class='ocrx_word' id='word_1_89' title='bbox 814 1563 986 1645; x_wconf 82' lang='lat' dir='ltr'><strong>ignoratio.</strong></span> <span class='ocrx_word' id='word_1_90' title='bbox 1032 1564 1078 1630; x_wconf 81' lang='lat' dir='ltr'><strong>Et</strong></span> <span class='ocrx_word' id='word_1_91' title='bbox 1106 1565 1218 1630; x_wconf 87' lang='lat' dir='ltr'><strong>mirari</strong></span> <span class='ocrx_word' id='word_1_92' title='bbox 1241 1565 1356 1631; x_wconf 88' lang='lat' dir='ltr'><strong>destiti</strong></span> <span class='ocrx_word' id='word_1_93' title='bbox 1377 1585 1415 1632; x_wconf 91' lang='lat' dir='ltr'><strong>ne</strong></span> 
     </span>
     <span class='ocr_line' id='line_1_14' title="bbox 219 1664 1415 1748; baseline 0.004 -18"><span class='ocrx_word' id='word_1_94' title='bbox 219 1667 315 1732; x_wconf 91' lang='lat' dir='ltr'><strong>hodie</strong></span> <span class='ocrx_word' id='word_1_95' title='bbox 337 1664 483 1747; x_wconf 90' lang='lat' dir='ltr'><strong>quidem,</strong></span> <span class='ocrx_word' id='word_1_96' title='bbox 514 1684 708 1745; x_wconf 89' lang='lat' dir='ltr'><strong>quamquam</strong></span> <span class='ocrx_word' id='word_1_97' title='bbox 735 1666 911 1748; x_wconf 89' lang='lat' dir='ltr'><strong>suspicioni</strong></span> <span class='ocrx_word' id='word_1_98' title='bbox 940 1667 1074 1733; x_wconf 88' lang='lat' dir='ltr'><strong>credere</strong></span> <span class='ocrx_word' id='word_1_99' title='bbox 1104 1674 1139 1734; x_wconf 91' lang='lat' dir='ltr'><strong>et</strong></span> <span class='ocrx_word' id='word_1_100' title='bbox 1166 1668 1265 1734; x_wconf 90' lang='lat' dir='ltr'><strong>fidem</strong></span> <span class='ocrx_word' id='word_1_101' title='bbox 1295 1671 1415 1736; x_wconf 89' lang='lat' dir='ltr'><strong>habere</strong></span> 
     </span>
     <span class='ocr_line' id='line_1_15' title="bbox 218 1769 1414 1852; baseline 0.004 -18"><span class='ocrx_word' id='word_1_102' title='bbox 218 1769 348 1834; x_wconf 92' lang='lat' dir='ltr'><strong>interim</strong></span> <span class='ocrx_word' id='word_1_103' title='bbox 371 1770 519 1850; x_wconf 86' lang='lat' dir='ltr'><strong>quamvis</strong></span> <span class='ocrx_word' id='word_1_104' title='bbox 542 1770 664 1838; x_wconf 85' lang='lat' dir='ltr'><strong>invitus</strong></span> <span class='ocrx_word' id='word_1_105' title='bbox 687 1770 793 1835; x_wconf 90' lang='lat' dir='ltr'><strong>didici.</strong></span> <span class='ocrx_word' id='word_1_106' title='bbox 840 1771 1008 1837; x_wconf 90' lang='lat' dir='ltr'><strong>Dubitatio</strong></span> <span class='ocrx_word' id='word_1_107' title='bbox 1039 1772 1067 1838; x_wconf 93' lang='lat' dir='ltr'><strong>si</strong></span> <span class='ocrx_word' id='word_1_108' title='bbox 1090 1791 1155 1852; x_wconf 92' lang='lat' dir='ltr'><strong>qua</strong></span> <span class='ocrx_word' id='word_1_109' title='bbox 1185 1777 1297 1838; x_wconf 89' lang='lat' dir='ltr'><strong>tamen</strong></span> <span class='ocrx_word' id='word_1_110' title='bbox 1330 1793 1414 1839; x_wconf 88' lang='lat' dir='ltr'><strong>rese-</strong></span> 
     </span>
     <span class='ocr_line' id='line_1_16' title="bbox 219 1873 1419 1961; baseline 0.005 -24"><span class='ocrx_word' id='word_1_111' title='bbox 219 1873 319 1955; x_wconf 88' lang='lat' dir='ltr'><strong>derit,</strong></span> <span class='ocrx_word' id='word_1_112' title='bbox 359 1874 499 1939; x_wconf 88' lang='lat' dir='ltr'><strong>extorsit</strong></span> <span class='ocrx_word' id='word_1_113' title='bbox 532 1875 575 1939; x_wconf 92' lang='lat' dir='ltr'><strong>ad</strong></span> <span class='ocrx_word' id='word_1_114' title='bbox 611 1879 810 1955; x_wconf 90' lang='lat' dir='ltr'><strong>postremum</strong></span> <span class='ocrx_word' id='word_1_115' title='bbox 847 1875 996 1941; x_wconf 86' lang='lat' dir='ltr'><strong>Abrensii</strong></span> <span class='ocrx_word' id='word_1_116' title='bbox 1035 1875 1200 1941; x_wconf 87' lang='lat' dir='ltr'><strong>sententia</strong></span> <span class='ocrx_word' id='word_1_117' title='bbox 1234 1877 1327 1961; x_wconf 86' lang='lat' dir='ltr'><strong>Conj.</strong></span> <span class='ocrx_word' id='word_1_118' title='bbox 1362 1877 1419 1944; x_wconf 86' lang='lat' dir='ltr'><strong>aui</strong></span> 
     </span>
     <span class='ocr_line' id='line_1_17' title="bbox 219 1978 1416 2059; baseline 0.004 -18"><span class='ocrx_word' id='word_1_119' title='bbox 219 2005 272 2058; x_wconf 86' lang='grc' dir='ltr'><strong>-μι</strong></span> <span class='ocrx_word' id='word_1_120' title='bbox 296 1981 337 2043; x_wconf 86' lang='grc'><strong>36</strong></span> <span class='ocrx_word' id='word_1_121' title='bbox 361 1978 490 2058; x_wconf 87' lang='lat' dir='ltr'><strong>prolata</strong></span> <span class='ocrx_word' id='word_1_122' title='bbox 517 1996 654 2059; x_wconf 91' lang='lat' dir='ltr'><strong>quocum</strong></span> <span class='ocrx_word' id='word_1_123' title='bbox 681 1978 714 2042; x_wconf 87' lang='lat' dir='ltr'><strong>in</strong></span> <span class='ocrx_word' id='word_1_124' title='bbox 741 1996 866 2043; x_wconf 90' lang='lat' dir='ltr'><strong>summa</strong></span> <span class='ocrx_word' id='word_1_125' title='bbox 895 1978 943 2043; x_wconf 90' lang='lat' dir='ltr'><strong>rei</strong></span> <span class='ocrx_word' id='word_1_126' title='bbox 970 1984 1142 2059; x_wconf 89' lang='lat' dir='ltr'><strong>postquam</strong></span> <span class='ocrx_word' id='word_1_127' title='bbox 1169 1979 1318 2045; x_wconf 85' lang='lat' dir='ltr'><strong>intellexi</strong></span> <span class='ocrx_word' id='word_1_128' title='bbox 1341 1981 1416 2046; x_wconf 90' lang='lat' dir='ltr'><strong>mibi</strong></span> 
     </span>
     <span class='ocr_line' id='line_1_18' title="bbox 218 2080 1414 2164; baseline 0.005 -20"><span class='ocrx_word' id='word_1_129' title='bbox 218 2080 300 2145; x_wconf 89' lang='lat' dir='ltr'><strong>adeo</strong></span> <span class='ocrx_word' id='word_1_130' title='bbox 325 2081 499 2148; x_wconf 87' lang='lat' dir='ltr'><strong>convenire</strong></span> <span class='ocrx_word' id='word_1_131' title='bbox 523 2088 560 2148; x_wconf 88' lang='lat' dir='ltr'><strong>nt</strong></span> <span class='ocrx_word' id='word_1_132' title='bbox 581 2083 738 2150; x_wconf 91' lang='lat' dir='ltr'><strong>nonnulla</strong></span> <span class='ocrx_word' id='word_1_133' title='bbox 765 2101 849 2162; x_wconf 91' lang='lat' dir='ltr'><strong>quae</strong></span> <span class='ocrx_word' id='word_1_134' title='bbox 876 2100 949 2147; x_wconf 89' lang='lat' dir='ltr'><strong>mea</strong></span> <span class='ocrx_word' id='word_1_135' title='bbox 971 2088 1165 2164; x_wconf 89' lang='lat' dir='ltr'><strong>putaveram</strong></span> <span class='ocrx_word' id='word_1_136' title='bbox 1195 2083 1335 2150; x_wconf 88' lang='lat' dir='ltr'><strong>inventa</strong></span> <span class='ocrx_word' id='word_1_137' title='bbox 1363 2085 1414 2150; x_wconf 90' lang='lat' dir='ltr'><strong>ille</strong></span> 
     </span>
     <span class='ocr_line' id='line_1_19' title="bbox 217 2185 1414 2268; baseline 0.004 -19"><span class='ocrx_word' id='word_1_138' title='bbox 217 2191 419 2268; x_wconf 88' lang='lat' dir='ltr'><strong>occupasset,</strong></span> <span class='ocrx_word' id='word_1_139' title='bbox 433 2186 599 2267; x_wconf 89' lang='lat' dir='ltr'><strong>aliquanto</strong></span> <span class='ocrx_word' id='word_1_140' title='bbox 613 2185 826 2252; x_wconf 88' lang='lat' dir='ltr'><strong>confidentius</strong></span> <span class='ocrx_word' id='word_1_141' title='bbox 838 2186 872 2252; x_wconf 92' lang='lat' dir='ltr'><strong>in</strong></span> <span class='ocrx_word' id='word_1_142' title='bbox 884 2186 1017 2251; x_wconf 89' lang='lat' dir='ltr'><strong>consiho</strong></span> <span class='ocrx_word' id='word_1_143' title='bbox 1030 2192 1142 2268; x_wconf 91' lang='lat' dir='ltr'><strong>persto</strong></span> <span class='ocrx_word' id='word_1_144' title='bbox 1154 2205 1226 2252; x_wconf 91' lang='lat' dir='ltr'><strong>cnm</strong></span> <span class='ocrx_word' id='word_1_145' title='bbox 1238 2187 1414 2254; x_wconf 88' lang='lat' dir='ltr'><strong>lectoribus</strong></span> 
     </span>
     <span class='ocr_line' id='line_1_20' title="bbox 217 2288 1414 2372; baseline 0.007 -21"><span class='ocrx_word' id='word_1_146' title='bbox 217 2288 472 2353; x_wconf 90' lang='lat' dir='ltr'><strong>communicandi</strong></span> <span class='ocrx_word' id='word_1_147' title='bbox 486 2308 570 2369; x_wconf 91' lang='lat' dir='ltr'><strong>quae</strong></span> <span class='ocrx_word' id='word_1_148' title='bbox 587 2290 627 2354; x_wconf 92' lang='lat' dir='ltr'><strong>de</strong></span> <span class='ocrx_word' id='word_1_149' title='bbox 641 2289 735 2356; x_wconf 85' lang='lat' dir='ltr'><strong>brevi</strong></span> <span class='ocrx_word' id='word_1_150' title='bbox 750 2289 878 2372; x_wconf 82' lang='lat' dir='ltr'><strong>syllaba</strong></span> <span class='ocrx_word' id='word_1_151' title='bbox 892 2290 925 2354; x_wconf 92' lang='lat' dir='ltr'><strong>in</strong></span> <span class='ocrx_word' id='word_1_152' title='bbox 949 2290 1035 2355; x_wconf 85' lang='lat' dir='ltr'><strong>sexti</strong></span> <span class='ocrx_word' id='word_1_153' title='bbox 1049 2290 1142 2372; x_wconf 92' lang='lat' dir='ltr'><strong>pedis</strong></span> <span class='ocrx_word' id='word_1_154' title='bbox 1166 2291 1255 2356; x_wconf 89' lang='lat' dir='ltr'><strong>arsin</strong></span> <span class='ocrx_word' id='word_1_155' title='bbox 1271 2293 1414 2358; x_wconf 88' lang='lat' dir='ltr'><strong>admissa</strong></span> 
     </span>
     <span class='ocr_line' id='line_1_21' title="bbox 216 2391 1415 2475; baseline 0.006 -20"><span class='ocrx_word' id='word_1_156' title='bbox 216 2409 288 2455; x_wconf 91' lang='lat' dir='ltr'><strong>cum</strong></span> <span class='ocrx_word' id='word_1_157' title='bbox 322 2391 433 2472; x_wconf 91' lang='lat' dir='ltr'><strong>aliqua</strong></span> <span class='ocrx_word' id='word_1_158' title='bbox 466 2397 555 2458; x_wconf 89' lang='lat' dir='ltr'><strong>certe</strong></span> <span class='ocrx_word' id='word_1_159' title='bbox 589 2392 821 2474; x_wconf 86' lang='lat' dir='ltr'><strong>probabilitate</strong></span> <span class='ocrx_word' id='word_1_160' title='bbox 854 2395 1045 2475; x_wconf 85' lang='lat' dir='ltr'><strong>exposuisse</strong></span> <span class='ocrx_word' id='word_1_161' title='bbox 1078 2395 1224 2462; x_wconf 87' lang='lat' dir='ltr'><strong>videbar.</strong></span> <span class='ocrx_word' id='word_1_162' title='bbox 1278 2397 1415 2462; x_wconf 86' lang='lat' dir='ltr'><strong>Accedit</strong></span> 
     </span>
     <span class='ocr_line' id='line_1_22' title="bbox 216 2495 1412 2578; baseline 0.005 -18"><span class='ocrx_word' id='word_1_163' title='bbox 216 2495 300 2575; x_wconf 91' lang='lat' dir='ltr'><strong>quod</strong></span> <span class='ocrx_word' id='word_1_164' title='bbox 324 2496 385 2561; x_wconf 92' lang='lat' dir='ltr'><strong>hac</strong></span> <span class='ocrx_word' id='word_1_165' title='bbox 409 2497 537 2562; x_wconf 89' lang='lat' dir='ltr'><strong>demum</strong></span> <span class='ocrx_word' id='word_1_166' title='bbox 559 2496 691 2562; x_wconf 89' lang='lat' dir='ltr'><strong>hcentia</strong></span> <span class='ocrx_word' id='word_1_167' title='bbox 714 2503 792 2578; x_wconf 90' lang='lat' dir='ltr'><strong>apte</strong></span> <span class='ocrx_word' id='word_1_168' title='bbox 816 2497 1032 2578; x_wconf 80' lang='lat' dir='ltr'><strong>explicabitur</strong></span> <span class='ocrx_word' id='word_1_169' title='bbox 1055 2496 1169 2562; x_wconf 84' lang='lat' dir='ltr'><strong>Alcaei</strong></span> <span class='ocrx_word' id='word_1_170' title='bbox 1195 2498 1312 2565; x_wconf 90' lang='lat' dir='ltr'><strong>mirum</strong></span> <span class='ocrx_word' id='word_1_171' title='bbox 1336 2501 1412 2566; x_wconf 90' lang='lat' dir='ltr'><strong>illud</strong></span> 
     </span>
     <span class='ocr_line' id='line_1_23' title="bbox 215 2598 1412 2687; baseline 0.004 -23"><span class='ocrx_word' id='word_1_172' title='bbox 215 2602 367 2686; x_wconf 63' lang='grc' dir='ltr'><strong>τεμένηος</strong></span> <span class='ocrx_word' id='word_1_173' title='bbox 389 2599 428 2664; x_wconf 84' lang='lat' dir='ltr'><strong>fr.</strong></span> <span class='ocrx_word' id='word_1_174' title='bbox 455 2601 516 2665; x_wconf 80' lang='lat'><strong>152</strong></span> <span class='ocrx_word' id='word_1_175' title='bbox 540 2598 600 2685; x_wconf 69' lang='lat' dir='ltr'><strong>(G.</strong></span> <span class='ocrx_word' id='word_1_176' title='bbox 620 2601 735 2683; x_wconf 88' lang='lat' dir='ltr'><strong>Meyer</strong></span> <span class='ocrx_word' id='word_1_177' title='bbox 761 2601 773 2638; x_wconf 76' lang='lat'>²</span> <span class='ocrx_word' id='word_1_178' title='bbox 796 2621 827 2682; x_wconf 96' lang='lat' dir='ltr'><strong>p.</strong></span> <span class='ocrx_word' id='word_1_179' title='bbox 844 2604 909 2667; x_wconf 85' lang='lat'><strong>330</strong></span> <span class='ocrx_word' id='word_1_180' title='bbox 930 2620 962 2665; x_wconf 91' lang='lat' dir='ltr'><strong>n.</strong></span> <span class='ocrx_word' id='word_1_181' title='bbox 993 2601 1025 2685; x_wconf 89' lang='lat'><strong>1)</strong></span> <span class='ocrx_word' id='word_1_182' title='bbox 1049 2601 1135 2682; x_wconf 92' lang='lat' dir='ltr'><strong>quod</strong></span> <span class='ocrx_word' id='word_1_183' title='bbox 1158 2631 1178 2687; x_wconf 78' lang='grc' dir='ltr'><em>η</em></span> <span class='ocrx_word' id='word_1_184' title='bbox 1200 2602 1326 2669; x_wconf 89' lang='lat' dir='ltr'><strong>habere</strong></span> <span class='ocrx_word' id='word_1_185' title='bbox 1349 2607 1412 2671; x_wconf 88' lang='lat' dir='ltr'><strong>ictu</strong></span> 
     </span>
     <span class='ocr_line' id='line_1_24' title="bbox 214 2703 1414 2787; baseline 0.008 -21"><span class='ocrx_word' id='word_1_186' title='bbox 214 2703 407 2783; x_wconf 90' lang='lat' dir='ltr'><strong>productum</strong></span> <span class='ocrx_word' id='word_1_187' title='bbox 443 2703 525 2768; x_wconf 83' lang='lat' dir='ltr'><strong>Fick</strong></span> <span class='ocrx_word' id='word_1_188' title='bbox 562 2704 646 2769; x_wconf 88' lang='lat' dir='ltr'><strong>bene</strong></span> <span class='ocrx_word' id='word_1_189' title='bbox 680 2703 833 2787; x_wconf 88' lang='lat' dir='ltr'><strong>coniecit;</strong></span> <span class='ocrx_word' id='word_1_190' title='bbox 876 2723 937 2786; x_wconf 91' lang='lat' dir='ltr'><strong>ego</strong></span> <span class='ocrx_word' id='word_1_191' title='bbox 976 2703 1123 2786; x_wconf 89' lang='lat' dir='ltr'><strong>suspicor</strong></span> <span class='ocrx_word' id='word_1_192' title='bbox 1160 2704 1194 2770; x_wconf 91' lang='lat' dir='ltr'><strong>in</strong></span> <span class='ocrx_word' id='word_1_193' title='bbox 1232 2707 1414 2775; x_wconf 81' lang='lat' dir='ltr'><strong>hexametri</strong></span> 
     </span>
     <span class='ocr_line' id='line_1_25' title="bbox 213 2805 1412 2891; baseline 0.008 -22"><span class='ocrx_word' id='word_1_194' title='bbox 213 2805 327 2870; x_wconf 89' lang='lat' dir='ltr'><strong>aeolici</strong></span> <span class='ocrx_word' id='word_1_195' title='bbox 357 2807 506 2872; x_wconf 89' lang='lat' dir='ltr'><strong>clausula</strong></span> <span class='ocrx_word' id='word_1_196' title='bbox 528 2805 629 2872; x_wconf 83' lang='lat' dir='ltr'><strong>fuisse</strong></span> <span class='ocrx_word' id='word_1_197' title='bbox 653 2807 831 2891; x_wconf 54' lang='lat' dir='ltr'><strong>replaced)</strong></span> <span class='ocrx_word' id='word_1_198' title='bbox 855 2809 942 2888; x_wconf 90' lang='lat' dir='ltr'><strong>quod</strong></span> <span class='ocrx_word' id='word_1_199' title='bbox 972 2808 1171 2873; x_wconf 89' lang='lat' dir='ltr'><strong>recentiores</strong></span> <span class='ocrx_word' id='word_1_200' title='bbox 1200 2813 1314 2877; x_wconf 88' lang='lat' dir='ltr'><strong>versui</strong></span> <span class='ocrx_word' id='word_1_201' title='bbox 1344 2832 1412 2881; x_wconf 92' lang='lat' dir='ltr'><strong>cum</strong></span> 
     </span>
     <span class='ocr_line' id='line_1_26' title="bbox 212 2907 1413 3002; baseline 0.009 -32"><span class='ocrx_word' id='word_1_202' title='bbox 212 2907 316 2988; x_wconf 90' lang='lat' dir='ltr'><strong>magis</strong></span> <span class='ocrx_word' id='word_1_203' title='bbox 339 2907 548 2974; x_wconf 89' lang='lat' dir='ltr'><strong>consulerent</strong></span> <span class='ocrx_word' id='word_1_204' title='bbox 570 2928 666 2990; x_wconf 93' lang='lat' dir='ltr'><strong>quam</strong></span> <span class='ocrx_word' id='word_1_205' title='bbox 696 2912 930 2993; x_wconf 88' lang='lat' dir='ltr'><strong>grammaticae</strong></span> <span class='ocrx_word' id='word_1_206' title='bbox 952 2912 986 2976; x_wconf 91' lang='lat' dir='ltr'><strong>in</strong></span> <span class='ocrx_word' id='word_1_207' title='bbox 1018 2913 1170 2998; x_wconf 77' lang='grc' dir='ltr'><em>τεμένηος</em></span> <span class='ocrx_word' id='word_1_208' title='bbox 1200 2918 1413 3002; x_wconf 81' lang='lat' dir='ltr'><strong>mutarunt.³)</strong></span> 
     </span>
     <span class='ocr_line' id='line_1_27' title="bbox 212 3010 1413 3094; baseline 0.008 -19"><span class='ocrx_word' id='word_1_209' title='bbox 212 3010 386 3092; x_wconf 81' lang='lat' dir='ltr'><strong>Conspirat</strong></span> <span class='ocrx_word' id='word_1_210' title='bbox 418 3012 519 3094; x_wconf 89' lang='lat' dir='ltr'><strong>igitur</strong></span> <span class='ocrx_word' id='word_1_211' title='bbox 548 3011 683 3078; x_wconf 89' lang='lat' dir='ltr'><strong>Homeri</strong></span> <span class='ocrx_word' id='word_1_212' title='bbox 714 3032 792 3079; x_wconf 89' lang='lat' dir='ltr'><strong>usus</strong></span> <span class='ocrx_word' id='word_1_213' title='bbox 827 3033 899 3079; x_wconf 89' lang='lat' dir='ltr'><strong>cnm</strong></span> <span class='ocrx_word' id='word_1_214' title='bbox 931 3014 1085 3081; x_wconf 91' lang='lat' dir='ltr'><strong>Aeolensi</strong></span> <span class='ocrx_word' id='word_1_215' title='bbox 1114 3016 1147 3081; x_wconf 92' lang='lat' dir='ltr'><strong>in</strong></span> <span class='ocrx_word' id='word_1_216' title='bbox 1181 3017 1245 3082; x_wconf 91' lang='lat' dir='ltr'><strong>hac</strong></span> <span class='ocrx_word' id='word_1_217' title='bbox 1277 3038 1316 3084; x_wconf 90' lang='lat' dir='ltr'><strong>re</strong></span> <span class='ocrx_word' id='word_1_218' title='bbox 1351 3039 1413 3086; x_wconf 92' lang='lat' dir='ltr'><strong>non</strong></span> 
     </span>
     <span class='ocr_line' id='line_1_28' title="bbox 211 3115 1335 3201; baseline 0.009 -23"><span class='ocrx_word' id='word_1_219' title='bbox 211 3115 307 3180; x_wconf 90' lang='lat' dir='ltr'><strong>aliter</strong></span> <span class='ocrx_word' id='word_1_220' title='bbox 329 3120 429 3196; x_wconf 91' lang='lat' dir='ltr'><strong>atque</strong></span> <span class='ocrx_word' id='word_1_221' title='bbox 451 3117 485 3181; x_wconf 92' lang='lat' dir='ltr'><strong>in</strong></span> <span class='ocrx_word' id='word_1_222' title='bbox 507 3116 564 3181; x_wconf 89' lang='lat' dir='ltr'><strong>illa</strong></span> <span class='ocrx_word' id='word_1_223' title='bbox 588 3135 684 3197; x_wconf 91' lang='lat' dir='ltr'><strong>quam</strong></span> <span class='ocrx_word' id='word_1_224' title='bbox 707 3117 810 3198; x_wconf 90' lang='lat' dir='ltr'><strong>primo</strong></span> <span class='ocrx_word' id='word_1_225' title='bbox 833 3117 928 3183; x_wconf 88' lang='lat' dir='ltr'><strong>huius</strong></span> <span class='ocrx_word' id='word_1_226' title='bbox 951 3118 1025 3184; x_wconf 85' lang='lat' dir='ltr'><strong>libri</strong></span> <span class='ocrx_word' id='word_1_227' title='bbox 1048 3119 1156 3201; x_wconf 89' lang='lat' dir='ltr'><strong>capite</strong></span> <span class='ocrx_word' id='word_1_228' title='bbox 1179 3124 1335 3190; x_wconf 89' lang='lat' dir='ltr'><strong>tractavi.</strong></span> 
     </span>
    </p>

    <p class='ocr_par' dir='ltr' id='par_1_6' title="bbox 302 3220 1412 3306">
     <span class='ocr_line' id='line_1_29' title="bbox 302 3220 1412 3306; baseline 0.007 -21"><span class='ocrx_word' id='word_1_229' title='bbox 302 3222 424 3306; x_wconf 58' lang='grc' dir='ltr'><strong>Στίχοι)</strong></span> <span class='ocrx_word' id='word_1_230' title='bbox 439 3221 592 3304; x_wconf 66' lang='grc' dir='ltr'><strong>μειούρων</strong></span> <span class='ocrx_word' id='word_1_231' title='bbox 615 3239 732 3286; x_wconf 90' lang='lat' dir='ltr'><strong>nomen</strong></span> <span class='ocrx_word' id='word_1_232' title='bbox 748 3220 905 3289; x_wconf 89' lang='lat' dir='ltr'><strong>invenere</strong></span> <span class='ocrx_word' id='word_1_233' title='bbox 928 3223 984 3302; x_wconf 90' lang='lat' dir='ltr'><strong>qui</strong></span> <span class='ocrx_word' id='word_1_234' title='bbox 997 3223 1032 3289; x_wconf 91' lang='lat' dir='ltr'><strong>in</strong></span> <span class='ocrx_word' id='word_1_235' title='bbox 1055 3241 1171 3291; x_wconf 89' lang='lat' dir='ltr'><strong>versus</strong></span> <span class='ocrx_word' id='word_1_236' title='bbox 1186 3225 1311 3291; x_wconf 91' lang='lat' dir='ltr'><strong>heroici</strong></span> <span class='ocrx_word' id='word_1_237' title='bbox 1334 3228 1412 3295; x_wconf 86' lang='lat' dir='ltr'><strong>vitia</strong></span> 
     </span>
    </p>
   </div>
   <div class='ocr_carea' id='block_1_5' title="bbox 213 3321 1413 3709">
    <p class='ocr_par' dir='ltr' id='par_1_7' title="bbox 215 3321 1318 3502">
     <span class='ocr_line' id='line_1_30' title="bbox 215 3321 1318 3412; baseline 0.008 -25"><span class='ocrx_word' id='word_1_238' title='bbox 215 3321 326 3388; x_wconf 89' lang='lat' dir='ltr'><strong>dedita</strong></span> <span class='ocrx_word' id='word_1_239' title='bbox 347 3323 588 3404; x_wconf 89' lang='lat' dir='ltr'><strong>inquisiverunt</strong></span> <span class='ocrx_word' id='word_1_240' title='bbox 610 3327 750 3412; x_wconf 86' lang='lat' dir='ltr'><strong>opera‚⁴)</strong></span> <span class='ocrx_word' id='word_1_241' title='bbox 775 3327 959 3408; x_wconf 90' lang='lat' dir='ltr'><strong>exemplum</strong></span> <span class='ocrx_word' id='word_1_242' title='bbox 981 3346 1164 3408; x_wconf 92' lang='lat' dir='ltr'><strong>apposuere</strong></span> <span class='ocrx_word' id='word_1_243' title='bbox 1189 3333 1232 3393; x_wconf 88' lang='lat' dir='ltr'><strong><em>M</em></strong></span> <span class='ocrx_word' id='word_1_244' title='bbox 1253 3331 1318 3396; x_wconf 84' lang='grc'><strong>208</strong></span> 
     </span>
     <span class='ocr_line' id='line_1_31' title="bbox 458 3425 1168 3502; baseline -0.001 -18"><span class='ocrx_word' id='word_1_245' title='bbox 458 3432 548 3499; x_wconf 75' lang='grc' dir='ltr'><strong><em>Τρῶες</em></strong></span> <span class='ocrx_word' id='word_1_246' title='bbox 568 3431 594 3484; x_wconf 80' lang='grc' dir='ltr'><strong>δ’</strong></span> <span class='ocrx_word' id='word_1_247' title='bbox 614 3436 775 3502; x_wconf 74' lang='grc' dir='ltr'><strong>ἐρρίγησαν,</strong></span> <span class='ocrx_word' id='word_1_248' title='bbox 794 3425 870 3490; x_wconf 77' lang='grc' dir='ltr'>ὅπως</span> <span class='ocrx_word' id='word_1_249' title='bbox 891 3432 955 3485; x_wconf 71' lang='grc' dir='ltr'><em>ἴδον</em></span> <span class='ocrx_word' id='word_1_250' title='bbox 973 3433 1072 3485; x_wconf 71' lang='lat' dir='ltr'><strong>arctoo</strong></span> <span class='ocrx_word' id='word_1_251' title='bbox 1090 3433 1168 3501; x_wconf 78' lang='grc' dir='ltr'><em>ὄφιν.</em></span> 
     </span>
    </p>

    <p class='ocr_par' dir='ltr' id='par_1_8' title="bbox 213 3514 1413 3600">
     <span class='ocr_line' id='line_1_32' title="bbox 213 3514 1413 3600; baseline 0.005 -19"><span class='ocrx_word' id='word_1_252' title='bbox 213 3514 415 3599; x_wconf 85' lang='lat' dir='ltr'><strong>Quamquam</strong></span> <span class='ocrx_word' id='word_1_253' title='bbox 445 3518 507 3583; x_wconf 92' lang='lat' dir='ltr'><strong>hoc</strong></span> <span class='ocrx_word' id='word_1_254' title='bbox 537 3517 669 3584; x_wconf 91' lang='lat' dir='ltr'><strong>dubium</strong></span> <span class='ocrx_word' id='word_1_255' title='bbox 693 3535 766 3583; x_wconf 88' lang='lat' dir='ltr'><strong>esse</strong></span> <span class='ocrx_word' id='word_1_256' title='bbox 793 3517 875 3583; x_wconf 90' lang='lat' dir='ltr'><strong>alios</strong></span> <span class='ocrx_word' id='word_1_257' title='bbox 898 3536 963 3584; x_wconf 91' lang='lat' dir='ltr'><strong>non</strong></span> <span class='ocrx_word' id='word_1_258' title='bbox 990 3516 1091 3600; x_wconf 85' lang='lat' dir='ltr'><strong>fugit,</strong></span> <span class='ocrx_word' id='word_1_259' title='bbox 1123 3519 1194 3586; x_wconf 87' lang='lat' dir='ltr'><strong>sive</strong></span> <span class='ocrx_word' id='word_1_260' title='bbox 1223 3524 1413 3589; x_wconf 88' lang='lat' dir='ltr'><strong>statuerunt</strong></span> 
     </span>
    </p>

    <p class='ocr_par' dir='ltr' id='par_1_9' title="bbox 214 3618 1412 3709">
     <span class='ocr_line' id='line_1_33' title="bbox 214 3618 1412 3709; baseline 0.006 -25"><span class='ocrx_word' id='word_1_261' title='bbox 214 3618 401 3686; x_wconf 87' lang='lat' dir='ltr'><strong>‘Homerum</strong></span> <span class='ocrx_word' id='word_1_262' title='bbox 424 3622 506 3687; x_wconf 89' lang='lat' dir='ltr'><strong>artis</strong></span> <span class='ocrx_word' id='word_1_263' title='bbox 529 3621 678 3703; x_wconf 89' lang='lat' dir='ltr'><strong>poeticae</strong></span> <span class='ocrx_word' id='word_1_264' title='bbox 702 3627 830 3704; x_wconf 89' lang='lat' dir='ltr'><strong>patrem</strong></span> <span class='ocrx_word' id='word_1_265' title='bbox 847 3621 1015 3704; x_wconf 86' lang='lat' dir='ltr'><strong>geminata</strong></span> <span class='ocrx_word' id='word_1_266' title='bbox 1035 3621 1148 3687; x_wconf 91' lang='lat' dir='ltr'><strong>littera</strong></span> <span class='ocrx_word' id='word_1_267' title='bbox 1164 3621 1268 3709; x_wconf 83' lang='grc' dir='ltr'><em>ὅφφιν</em></span> <span class='ocrx_word' id='word_1_268' title='bbox 1291 3625 1412 3691; x_wconf 84' lang='lat' dir='ltr'><strong>dixisse</strong></span> 
     </span>
    </p>
   </div>
   <div class='ocr_carea' id='block_1_6' title="bbox 210 3758 1412 4520">
    <p class='ocr_par' dir='ltr' id='par_1_10' title="bbox 211 3758 1412 4005">
     <span class='ocr_line' id='line_1_34' title="bbox 284 3758 1412 3836; baseline 0.005 -24"><span class='ocrx_word' id='word_1_269' title='bbox 284 3759 304 3826; x_wconf 88' lang='lat'><strong>¹)</strong></span> <span class='ocrx_word' id='word_1_270' title='bbox 324 3758 365 3813; x_wconf 88' lang='lat' dir='ltr'><strong>De</strong></span> <span class='ocrx_word' id='word_1_271' title='bbox 385 3782 400 3814; x_wconf 86' lang='lat' dir='ltr'><strong>o</strong></span> <span class='ocrx_word' id='word_1_272' title='bbox 419 3766 469 3814; x_wconf 69' lang='grc'><strong>342</strong></span> <span class='ocrx_word' id='word_1_273' title='bbox 489 3776 569 3830; x_wconf 86' lang='lat' dir='ltr'><strong>quem</strong></span> <span class='ocrx_word' id='word_1_274' title='bbox 589 3760 714 3836; x_wconf 77' lang='grc' dir='ltr'><strong><em>λαγαρὸν</em></strong></span> <span class='ocrx_word' id='word_1_275' title='bbox 739 3777 798 3816; x_wconf 85' lang='lat' dir='ltr'><strong>esse</strong></span> <span class='ocrx_word' id='word_1_276' title='bbox 823 3762 928 3817; x_wconf 86' lang='lat' dir='ltr'><strong>censuit</strong></span> <span class='ocrx_word' id='word_1_277' title='bbox 951 3762 1042 3817; x_wconf 81' lang='lat' dir='ltr'><strong>Souna</strong></span> <span class='ocrx_word' id='word_1_278' title='bbox 1064 3760 1120 3818; x_wconf 86' lang='lat' dir='ltr'><strong>KZ.</strong></span> <span class='ocrx_word' id='word_1_279' title='bbox 1139 3761 1208 3816; x_wconf 88' lang='lat' dir='ltr'><strong>Xlll</strong></span> <span class='ocrx_word' id='word_1_280' title='bbox 1227 3768 1279 3816; x_wconf 82' lang='grc'><strong>422</strong></span> <span class='ocrx_word' id='word_1_281' title='bbox 1298 3766 1412 3833; x_wconf 85' lang='lat' dir='ltr'><strong>exposui</strong></span> 
     </span>
     <span class='ocr_line' id='line_1_35' title="bbox 211 3848 1411 3922; baseline 0.008 -26"><span class='ocrx_word' id='word_1_282' title='bbox 211 3861 237 3912; x_wconf 88' lang='lat' dir='ltr'><strong>p.</strong></span> <span class='ocrx_word' id='word_1_283' title='bbox 257 3849 316 3899; x_wconf 75' lang='lat' dir='ltr'><strong>aut.</strong></span> <span class='ocrx_word' id='word_1_284' title='bbox 341 3848 479 3919; x_wconf 75' lang='grc' dir='ltr'><em>δπηδρων</em></span> <span class='ocrx_word' id='word_1_285' title='bbox 498 3853 527 3901; x_wconf 86' lang='grc' dir='ltr'><em>Λ</em></span> <span class='ocrx_word' id='word_1_286' title='bbox 544 3853 594 3902; x_wconf 82' lang='grc'><strong>430</strong></span> <span class='ocrx_word' id='word_1_287' title='bbox 614 3850 652 3917; x_wconf 81' lang='lat' dir='ltr'><strong>(et</strong></span> <span class='ocrx_word' id='word_1_288' title='bbox 670 3849 787 3922; x_wconf 78' lang='grc' dir='ltr'><em>δπηδρα</em></span> <span class='ocrx_word' id='word_1_289' title='bbox 807 3848 826 3901; x_wconf 91' lang='grc' dir='ltr'><em>δ</em></span> <span class='ocrx_word' id='word_1_290' title='bbox 841 3848 925 3917; x_wconf 68' lang='grc' dir='ltr'><strong>046ἲ)</strong></span> <span class='ocrx_word' id='word_1_291' title='bbox 944 3864 1072 3917; x_wconf 78' lang='lat' dir='ltr'><strong>comparo</strong></span> <span class='ocrx_word' id='word_1_292' title='bbox 1091 3864 1151 3901; x_wconf 84' lang='lat' dir='ltr'><strong>cum</strong></span> <span class='ocrx_word' id='word_1_293' title='bbox 1171 3849 1288 3904; x_wconf 75' lang='grc' dir='ltr'><em>ἐδίδουν</em></span> <span class='ocrx_word' id='word_1_294' title='bbox 1309 3856 1411 3918; x_wconf 51' lang='lat' dir='ltr'><strong>(uiden</strong></span> 
     </span>
     <span class='ocr_line' id='line_1_36' title="bbox 211 3932 1193 4005; baseline 0.005 -21"><span class='ocrx_word' id='word_1_295' title='bbox 211 3937 307 3986; x_wconf 87' lang='lat' dir='ltr'><strong>errant</strong></span> <span class='ocrx_word' id='word_1_296' title='bbox 324 3933 434 3988; x_wconf 85' lang='lat' dir='ltr'><strong>Ahrens</strong></span> <span class='ocrx_word' id='word_1_297' title='bbox 453 3933 531 4002; x_wconf 81' lang='lat' dir='ltr'><strong>Oonj.</strong></span> <span class='ocrx_word' id='word_1_298' title='bbox 551 3932 602 3988; x_wconf 84' lang='lat' dir='ltr'><strong>aui</strong></span> <span class='ocrx_word' id='word_1_299' title='bbox 617 3956 670 4003; x_wconf 85' lang='grc' dir='ltr'><strong>-μι</strong></span> <span class='ocrx_word' id='word_1_300' title='bbox 688 3939 721 3987; x_wconf 86' lang='grc'><strong>23</strong></span> <span class='ocrx_word' id='word_1_301' title='bbox 741 3940 769 3987; x_wconf 88' lang='lat' dir='ltr'><strong>et</strong></span> <span class='ocrx_word' id='word_1_302' title='bbox 788 3933 819 3991; x_wconf 86' lang='lat' dir='ltr'><strong>G.</strong></span> <span class='ocrx_word' id='word_1_303' title='bbox 839 3935 935 4004; x_wconf 80' lang='lat' dir='ltr'><strong>Meyer</strong></span> <span class='ocrx_word' id='word_1_304' title='bbox 955 3940 965 3972; x_wconf 78' lang='lat'>²</span> <span class='ocrx_word' id='word_1_305' title='bbox 984 3935 1000 4005; x_wconf 65' lang='grc' dir='ltr'><strong>ς</strong></span> <span class='ocrx_word' id='word_1_306' title='bbox 1019 3940 1066 3990; x_wconf 72' lang='lat' dir='ltr'><strong>ott</strong></span> <span class='ocrx_word' id='word_1_307' title='bbox 1087 3949 1113 4002; x_wconf 88' lang='lat' dir='ltr'><strong>p.</strong></span> <span class='ocrx_word' id='word_1_308' title='bbox 1134 3942 1193 3989; x_wconf 76' lang='grc'><strong>461.</strong></span> 
     </span>
    </p>

    <p class='ocr_par' dir='ltr' id='par_1_11' title="bbox 211 4019 1410 4175">
     <span class='ocr_line' id='line_1_37' title="bbox 283 4019 1410 4100; baseline 0.006 -27"><span class='ocrx_word' id='word_1_309' title='bbox 283 4021 304 4087; x_wconf 81' lang='lat'><strong>²)</strong></span> <span class='ocrx_word' id='word_1_310' title='bbox 322 4019 383 4078; x_wconf 87' lang='lat' dir='ltr'><strong>Ter.</strong></span> <span class='ocrx_word' id='word_1_311' title='bbox 397 4021 486 4078; x_wconf 86' lang='lat' dir='ltr'><strong>Maur.</strong></span> <span class='ocrx_word' id='word_1_312' title='bbox 502 4025 567 4074; x_wconf 85' lang='grc'><strong>1922</strong></span> <span class='ocrx_word' id='word_1_313' title='bbox 587 4022 709 4076; x_wconf 88' lang='lat' dir='ltr'><strong>‘auribus</strong></span> <span class='ocrx_word' id='word_1_314' title='bbox 728 4019 860 4076; x_wconf 88' lang='lat' dir='ltr'><strong>acciderit</strong></span> <span class='ocrx_word' id='word_1_315' title='bbox 874 4022 982 4077; x_wconf 80' lang='lat' dir='ltr'><strong>novitas</strong></span> <span class='ocrx_word' id='word_1_316' title='bbox 999 4021 1113 4089; x_wconf 86' lang='lat' dir='ltr'><strong>inopina</strong></span> <span class='ocrx_word' id='word_1_317' title='bbox 1130 4022 1242 4092; x_wconf 68' lang='lat' dir='ltr'><strong>pelecc&#39;</strong></span> <span class='ocrx_word' id='word_1_318' title='bbox 1262 4025 1410 4100; x_wconf 66' lang='grc' dir='ltr'><strong>(μειούρων</strong></span> 
     </span>
     <span class='ocr_line' id='line_1_38' title="bbox 211 4103 386 4175; baseline 0.023 -20"><span class='ocrx_word' id='word_1_319' title='bbox 211 4103 386 4175; x_wconf 82' lang='lat' dir='ltr'><strong>exemplum).</strong></span> 
     </span>
    </p>

    <p class='ocr_par' dir='ltr' id='par_1_12' title="bbox 210 4191 1411 4345">
     <span class='ocr_line' id='line_1_39' title="bbox 281 4191 1411 4270; baseline 0.01 -25"><span class='ocrx_word' id='word_1_320' title='bbox 281 4191 303 4258; x_wconf 84' lang='lat'><strong>⁸)</strong></span> <span class='ocrx_word' id='word_1_321' title='bbox 322 4192 486 4261; x_wconf 84' lang='lat' dir='ltr'><strong>Ambiguum</strong></span> <span class='ocrx_word' id='word_1_322' title='bbox 505 4207 565 4249; x_wconf 86' lang='lat' dir='ltr'><strong>esse</strong></span> <span class='ocrx_word' id='word_1_323' title='bbox 583 4194 680 4250; x_wconf 88' lang='lat' dir='ltr'><strong>Alcaei</strong></span> <span class='ocrx_word' id='word_1_324' title='bbox 698 4197 894 4270; x_wconf 75' lang='grc' dir='ltr'><em>τετραραρήων</em></span> <span class='ocrx_word' id='word_1_325' title='bbox 913 4195 985 4265; x_wconf 90' lang='lat' dir='ltr'><strong>quod</strong></span> <span class='ocrx_word' id='word_1_326' title='bbox 998 4195 1093 4251; x_wconf 89' lang='lat' dir='ltr'><strong>eodem</strong></span> <span class='ocrx_word' id='word_1_327' title='bbox 1112 4198 1201 4252; x_wconf 85' lang='lat' dir='ltr'><strong>traxit</strong></span> <span class='ocrx_word' id='word_1_328' title='bbox 1212 4197 1283 4254; x_wconf 79' lang='lat' dir='ltr'><strong>Fick</strong></span> <span class='ocrx_word' id='word_1_329' title='bbox 1303 4201 1411 4258; x_wconf 81' lang='lat' dir='ltr'><strong>docebit</strong></span> 
     </span>
     <span class='ocr_line' id='line_1_40' title="bbox 210 4266 503 4345; baseline 0.024 -15"><span class='ocrx_word' id='word_1_330' title='bbox 210 4277 315 4345; x_wconf 82' lang='lat' dir='ltr'><strong>Bergh⁴</strong></span> <span class='ocrx_word' id='word_1_331' title='bbox 335 4266 371 4333; x_wconf 85' lang='lat' dir='ltr'><strong>ad</strong></span> <span class='ocrx_word' id='word_1_332' title='bbox 389 4277 424 4333; x_wconf 83' lang='lat' dir='ltr'><strong>ir.</strong></span> <span class='ocrx_word' id='word_1_333' title='bbox 447 4285 503 4338; x_wconf 77' lang='lat'><strong>153.</strong></span> 
     </span>
    </p>

    <p class='ocr_par' dir='ltr' id='par_1_13' title="bbox 210 4362 1409 4520">
     <span class='ocr_line' id='line_1_41' title="bbox 281 4362 1409 4440; baseline 0.015 -24"><span class='ocrx_word' id='word_1_334' title='bbox 281 4364 302 4432; x_wconf 80' lang='lat'><strong>⁴)</strong></span> <span class='ocrx_word' id='word_1_335' title='bbox 322 4362 362 4418; x_wconf 83' lang='lat' dir='ltr'><strong>Cf.</strong></span> <span class='ocrx_word' id='word_1_336' title='bbox 391 4381 458 4433; x_wconf 89' lang='lat' dir='ltr'><strong>quos</strong></span> <span class='ocrx_word' id='word_1_337' title='bbox 485 4366 597 4421; x_wconf 86' lang='lat' dir='ltr'><strong>laudavi</strong></span> <span class='ocrx_word' id='word_1_338' title='bbox 624 4383 650 4435; x_wconf 91' lang='lat' dir='ltr'><strong>p.</strong></span> <span class='ocrx_word' id='word_1_339' title='bbox 676 4374 726 4422; x_wconf 75' lang='lat' dir='ltr'><strong>att</strong></span> <span class='ocrx_word' id='word_1_340' title='bbox 753 4386 778 4423; x_wconf 90' lang='lat' dir='ltr'><strong>n.</strong></span> <span class='ocrx_word' id='word_1_341' title='bbox 798 4376 823 4424; x_wconf 80' lang='grc'><strong>4.</strong></span> <span class='ocrx_word' id='word_1_342' title='bbox 860 4369 902 4424; x_wconf 87' lang='lat' dir='ltr'><strong>Dc</strong></span> <span class='ocrx_word' id='word_1_343' title='bbox 928 4371 1065 4440; x_wconf 84' lang='lat' dir='ltr'><strong>scriptura</strong></span> <span class='ocrx_word' id='word_1_344' title='bbox 1092 4373 1212 4428; x_wconf 88' lang='lat' dir='ltr'><strong>nominis</strong></span> <span class='ocrx_word' id='word_1_345' title='bbox 1240 4376 1409 4434; x_wconf 84' lang='lat' dir='ltr'><strong>Grossmann</strong></span> 
     </span>
     <span class='ocr_line' id='line_1_42' title="bbox 210 4448 892 4520; baseline 0.013 -18"><span class='ocrx_word' id='word_1_346' title='bbox 210 4448 296 4503; x_wconf 89' lang='lat' dir='ltr'><strong>doctr.</strong></span> <span class='ocrx_word' id='word_1_347' title='bbox 316 4458 394 4508; x_wconf 86' lang='lat' dir='ltr'><strong>metr.</strong></span> <span class='ocrx_word' id='word_1_348' title='bbox 413 4451 508 4520; x_wconf 88' lang='lat' dir='ltr'><strong>reliqu.</strong></span> <span class='ocrx_word' id='word_1_349' title='bbox 528 4454 564 4508; x_wconf 89' lang='lat' dir='ltr'><strong>ab</strong></span> <span class='ocrx_word' id='word_1_350' title='bbox 583 4454 710 4508; x_wconf 83' lang='lat' dir='ltr'><strong>Eustath.</strong></span> <span class='ocrx_word' id='word_1_351' title='bbox 730 4463 830 4514; x_wconf 86' lang='lat' dir='ltr'><strong>servat.</strong></span> <span class='ocrx_word' id='word_1_352' title='bbox 850 4462 892 4511; x_wconf 81' lang='lat'><strong>38.</strong></span> 
     </span>
    </p>
   </div>
   <div class='ocr_carea' id='block_1_7' title="bbox 0 0 1482 5018">
    <p class='ocr_par' dir='ltr' id='par_1_14' title="bbox 0 0 1482 5018">
     <span class='ocr_line' id='line_1_43' title="bbox 0 0 1482 5018; baseline 0 3"><span class='ocrx_word' id='word_1_353' title='bbox 0 0 1482 5018; x_wconf 95' lang='lat' dir='ltr'><strong> </strong></span> 
     </span>
    </p>
   </div>
  </div>
 </body>
</html>
