2956 5018
549 240 784 302 -395-

280 425 382 495 ἄνδρες
402 427 518 498 ἑταῖροι,
539 426 623 498 δεῦρο
644 425 675 492 δή
698 425 746 492 τήν
765 428 881 497 γνώμην
900 428 1104 498 προσέσχετε.)

68 515 119 580 Ne
141 513 259 593 multe,
287 511 321 577 in
351 511 476 576 κέκλυτε
500 510 657 597 (κέκλυθι)
682 512 818 577 eandem
849 511 1042 593 particulam
1070 510 1261 576 delitescere

68 616 184 698 opinor
208 635 305 696 quem
320 616 354 681 in
376 615 487 682 latinis
503 615 593 680 cedo
615 621 739 680 cette<
757 613 899 683 *ct-uate
920 614 1041 680 dudum
1058 620 1263 695 agnoverunt

67 720 131 787 viri
159 720 246 786 docti
277 726 311 786 et
333 719 466 786 Litueni
496 739 623 800 quoque
646 720 847 802 coniungrmt
869 719 982 785 ordine
1004 725 1115 784 temen
1138 721 1261 781 mutato

68 842 141 888 cum
164 821 378 903 imperativis,
410 821 556 888 velutin
585 822 728 887 collectis
752 842 772 888 a
794 820 968 888 Leskienio
996 827 1029 886 et
1052 820 1262 902 Brugmanno

68 926 148 1011 (Lit.
173 925 379 991 Volkslieder
401 925 467 991 und
490 925 660 1010 Merctor)
684 926 815 1007 saepius
838 944 889 991 me
912 925 1023 1007 legere
1045 923 1174 988 memini
1199 922 1263 986 ‘aid

67 1036 122 1096 sse*
142 1029 204 1114 ptis
226 1027 329 1094 mdoe'
352 1029 373 1094 i.
390 1048 418 1094 e.
437 1031 553 1094 ‘komm
568 1029 627 1094 her
649 1047 690 1093 zu
705 1027 820 1110 mir’.²)
851 1029 939 1108 025.
966 1030 1036 1092 16].
1061 1029 1134 1092 220.
1157 1056 1183 1091 ω
1197 1027 1262 1093 154

296 1145 409 1195 κέκλυτε
430 1139 460 1206 δή
481 1143 534 1195 νῦν
551 1160 607 1209 μευ
628 1142 776 1205 Ἰθακήσιοι
797 1135 855 1192 ὅττι
874 1158 904 1193 κε
921 1147 1009 1209 μέντοι

67 1238 178 1304 nescio
200 1236 316 1303 melius
333 1236 500 1302 illustrare
516 1255 612 1316 quam
629 1235 794 1316 adscripto
809 1235 881 1300 loco
896 1234 1049 1300 Plautino
1065 1235 1185 1302 Pseud.
1201 1205 1262 1300 153

371 1348 435 1402 huc
454 1346 584 1402 adhibete
603 1348 677 1402 auris
696 1362 767 1415 quae
785 1362 837 1414 ego
856 1347 961 1415 loquar.

69 1475 87 1529 ρ
111 1448 176 1512 370
206 1445 334 1510 κέκλυτέ
355 1471 416 1524 μευ
440 1482 483 1503 -,
504 1448 596 1509 τοῦδε
620 1444 694 1526 περὶ
721 1445 824 1521 ξείνου
850 1443 897 1508 sit
920 1448 998 1524 apte
1020 1442 1261 1522 interpreteris:

68 1549 223 1615 ‘Schenkt
250 1547 312 1613 mir
339 1547 428 1612 Eure
452 1545 750 1613 Aufmerksumkeit
779 1546 811 1612 in
839 1546 965 1612 Sscbeu
997 1545 1104 1611 dieses
1127 1544 1262 1610 Fremd-

67 1651 192 1734 linget.
238 1650 333 1715 Nullo
363 1650 434 1714 loco
463 1649 550 1729 apud
578 1650 755 1715 Homerum
782 1650 909 1715 sistere
933 1648 1090 1734 (κέκλυθι)
1120 1647 1265 1713 admittit

67 1753 162 1821 verbi
198 1754 305 1818 κλύειν
342 1751 615 1819 constructionem
653 1772 719 1835 que
760 1755 859 1820 verbo
898 1751 1106 1819 accusativus
1147 1751 1264 1817 obiecti

67 1858 215 1941 iungitur
253 1896 292 1904 —
328 1857 414 1938 qnod
451 1856 573 1922 fectum
612 1859 698 1940 apud
737 1876 793 1923 eos
831 1857 960 1923 demum
997 1856 1145 1922 videmus
1183 1872 1263 1934 quos

67 1960 193 2029 vetusti
215 1960 373 2027 sermonis
400 1961 503 2042 proba
524 1959 749 2044 intellegentia
777 1961 958 2041 deficiebat,
982 1961 1100 2026 Kaibel
1125 1960 1218 2039 1021,
1243 1961 1262 2022 6

311 2068 394 2136 ἔγρεο
413 2070 458 2117 καὶ
479 2062 545 2118 τεὸν
564 2058 657 2127 ὕμνον
676 2065 729 2128 1ή1ε
750 2068 866 2118 κέκλυθι
885 2071 1000 2135 χαίρων,

67 2152 204 2221 Luciam
228 2153 329 2235 Jupp.
352 2157 438 2235 trsg.
463 2155 502 2217 31

313 2258 425 2310 κέκλυτε
443 2256 622 2325 μαντιπόλου
641 2255 705 2309 τόδε
726 2261 873 2324 θέσφατον
892 2257 1071 2309 Ἀπόλλωνος.

142 2413 161 2480 ¹)
179 2410 244 2464 Eur.
265 2411 310 2466 Or.
332 2416 396 2464 1181
417 2412 502 2482 deripe
521 2414 592 2465 νοῦν
610 2414 663 2480 ἔχε.
692 2412 738 2463 Ar.
758 2410 822 2464 Pac.
844 2415 890 2462 114
917 2410 1037 2479 πρόσεχε
1064 2407 1113 2461 τὸν
1138 2408 1207 2460 νοῦν
1225 2408 1261 2464 uir

68 2504 129 2567 (με.
166 2496 475 2565 Ευρο1.380135211.
495 2500 630 2571 κρόσισχε
652 2495 701 2549 τὸν
719 2496 790 2549 νοῦν
810 2496 872 2568 ιήθε
892 2496 1012 2565 (Dionys.
1033 2493 1125 2550 Chalc.
1144 2498 1169 2558 2,
1188 2498 1203 2544 2
1223 2507 1261 2558 sq.

67 2587 233 2641 κατάθεσθε
253 2584 302 2650 τήν
321 2587 434 2643 ξύνεσιν
453 2585 519 2655 παρ’
539 2588 614 2654 ἐμοί,
633 2589 678 2636 καὶ
699 2583 768 2637 τάδε
786 2584 972 2652 μανθάνετε).
1000 2583 1111 2636 locatur
1129 2583 1175 2633 Ar.
1195 2577 1261 2632 neh.

70 2678 119 2726 133
140 2671 233 2741 κάτεχ’
253 2676 320 2740 ἐμὶν
339 2671 392 2724 ττὶν
411 2677 535 2740 γαστέρα
553 2671 677 2724 imi1atus
695 2669 813 2737 Hippon.
836 2675 875 2735 15,
895 2676 917 2722 b.

140 2762 162 2821 ¹)
183 2758 211 2812 Si
229 2758 294 2826 quid
312 2757 392 2812 video
404 2757 541 2812 Prellvitz
560 2755 614 2810 BB.
628 2755 678 2808 XV
694 2761 740 2809 151
761 2754 805 2809 ssd
823 2755 882 2809 sine
894 2770 978 2810 causa
996 2756 1095 2811 idonea
1107 2764 1262 2823 correptum

66 2849 150 2918 putat
172 2852 284 2899 auctore
308 2843 531 2910 Bezzenbergero
556 2842 580 2895 11
605 2848 664 2898 204.
696 2841 736 2894 lit.
760 2842 808 2895 aik
829 2841 887 2897 red:
913 2841 962 2899 lat.
987 2846 1050 2897 cedo
1074 2843 1173 2900 ==1st
1193 2846 1260 2896 lice:

67 2949 109 3001 gr.
129 2933 267 3001 *κε-ήενος
285 2949 318 2977 >
336 2929 391 2982 ion.
411 2933 544 2983 ΚΕΝΟΣ
559 2928 672 2983 Bechtel
696 2928 801 2984 luschr.
817 2929 875 2997 jon.
894 2929 966 2983 Dial.
986 2946 1026 2986 nr.
1049 2936 1096 2984 loc
1116 2928 1173 2982 dor.
1192 2929 1262 2984 aeol.

67 3020 152 3087 κήνος
176 3019 285 3073 Ahrens
309 3017 336 3070 II
361 3022 412 3070 210
430 3031 470 3083 sq.
494 3016 506 3069 I
531 3022 571 3070 90.
604 3017 717 3070 Meister
741 3017 754 3069 I
779 3020 820 3070 01.
852 3027 958 3077 κεῖνος.Ι
981 3020 1064 3083 κήνος
1089 3043 1121 3061 =
1147 3021 1261 3088 ἐφείθήε

68 3109 170 3177 ἐτμήθη·
198 3107 379 3176 συνεχωρήθη
412 3103 475 3157 Hes.
504 3103 595 3171 *jeros
623 3128 655 3146 ==
684 3118 770 3170 germ.
798 3104 887 3172 *J‘enas
920 3104 1103 3169 (Holthttuten
1136 3105 1189 3158 PB.
1222 3104 1262 3158 XI

67 3194 137 3261 552).
165 3213 194 3247 κε
214 3190 338 3246 additum
357 3190 524 3244 inserviebat
548 3188 778 3244 demonstrationi
802 3189 846 3257 (ci.
868 3196 894 3243 E
915 3196 973 3244 tot.
998 3197 1091 3245 σ239.
1120 3191 1262 3246 Wiedisch

67 3280 97 3333 G.
117 3278 194 3333 Stud.
213 3277 240 3332 11
260 3278 334 3344 200),
358 3276 405 3331 sed
430 3276 470 3330 ris
494 3275 628 3343 primaria
653 3281 778 3342 tempore
799 3275 947 3333 obscurata
966 3286 1016 3336 est.
1052 3279 1263 3346 Compositionis

67 3364 223 3432 exemplum
252 3363 338 3418 babes
369 3363 532 3430 francogall.
560 3371 622 3415 cette
646 3380 678 3408 <
703 3380 761 3415 ecce
788 3367 848 3419 isto.
879 3368 986 3425 ἐκεῖνος
1017 3369 1079 3431 (att.
1108 3370 1266 3418 ΕΚΕΝΟΣ

68 3455 159 3508 Cauer
184 3452 213 3508 C.
233 3449 310 3504 stud.
337 3450 402 3503 VIII
427 3453 504 3513 256):
534 3460 626 3506 κεῖνος
645 3470 677 3493 =
698 3465 768 3500 ecce:
795 3466 821 3501 ce
841 3448 875 3516 (1)
895 3473 926 3497 =
948 3458 1011 3507 sert,
1036 3469 1114 3504 aran:
1142 3451 1183 3503 zd.
1210 3453 1261 3503 Ιιιιιι

65 3536 219 3605 (Windiscb
239 3537 256 3589 1.
276 3537 293 3590 l.
313 3537 382 3604 213).
417 3536 569 3603 Utrumque
594 3534 720 3602 agnoscit
744 3534 891 3603 Homerus,
919 3538 963 3605 qui
981 3537 1010 3590 in
1029 3536 1167 3591 adverbiis
1184 3544 1262 3590 κεῑοι

67 3632 168 3680 κεῖθεν
185 3623 256 3678 idem
277 3638 415 3691 uunquam
433 3621 554 3677 vocalem
579 3620 778 3687 prostheticam
803 3619 925 3688 admisit,
951 3637 1014 3676 nam
1040 3644 1055 3695 ρ
1078 3628 1109 3675 10
1134 3623 1199 3696 ὄφρ’
1224 3620 1261 3676 ἂν

68 3715 159 3765 ἐκεῖθι
182 3711 210 3763 in
236 3713 313 3781 ὄφρα
337 3728 367 3762 κε
393 3715 469 3762 κεῖθι
495 3706 685 3775 corrigendum
709 3706 769 3760 coll.
798 3715 814 3775 e
843 3712 890 3759 124
915 3711 991 3780 depo
1016 3727 1046 3762 κε
1074 3716 1161 3775 κείνη,
1189 3709 1262 3776 quod

67 3812 102 3851 ne
121 3796 244 3850 Fickium
263 3793 371 3864 quidem
391 3794 494 3862 fugisse
512 3793 591 3850 video
610 3793 652 3861 (ll.
672 3793 767 3858 XXV).
795 3792 939 3848 Aduerbiis
957 3803 1033 3849 κεῖθι
1053 3802 1151 3850 κεῖθεν
1169 3794 1262 3850 subest

66 3883 200 3937 locatirus
218 3894 263 3936 κει·
279 3881 436 3938 Archiloch.
457 3889 505 3934 170
531 3881 577 3949 qui
603 3897 637 3936 ex
665 3882 698 3946 κή
724 3879 804 3946 (scol.
823 3879 932 3934 Abrens
951 3881 963 3933 1
982 3887 1023 3935 20.
1056 3881 1169 3936 Meister
1187 3882 1200 3935 1
1219 3886 1262 3947 st)

66 3968 260 4024 terminatione
287 3992 296 4022 ι
323 3969 434 4036 insuper
463 3968 560 4022 addita
588 3975 670 4021 natus
698 3973 748 4022 est.
791 3966 833 4019 De
861 3968 894 4032 κή
928 3968 1094 4035 pronominis
1127 3989 1172 4022 κι-
1201 3968 1260 4032 (lat.

66 4058 146 4110 citra
165 4063 220 4123 got.
239 4058 276 4109 li·
296 4055 336 4111 lit.
355 4057 417 4123 ³212)
438 4055 554 4110 locativo
572 4054 606 4111 ci.
626 4067 696 4121 quse
714 4052 840 4120 exposuit
857 4051 919 4106 Joh.
939 4052 1063 4107 Schmidt
1081 4054 1138 4108 KZ.
1154 4054 1261 4107 xxvii

67 4146 128 4195 228.
163 4141 202 4196 Ut
220 4143 253 4208 νή
273 4142 472 4196 structionem
491 4140 645 4209 pronomini
664 4151 756 4198 κεῖνος
776 4142 883 4197 ἐκεῖνος
902 4147 1002 4195 ustura
1021 4140 1131 4193 insitam
1150 4142 1261 4209 propria

65 4233 150 4281 exuta
175 4225 227 4280 sibi
255 4225 445 4290 adsumerent,
473 4225 578 4281 formae
606 4226 709 4281 iactum
737 4224 915 4279 similitudine
942 4242 1024 4294 quam
1052 4232 1083 4280 ut
1110 4227 1260 4294 perfectam

65 4310 216 4367 redderent
234 4311 277 4366 vel
291 4330 302 4365 ε
316 4310 394 4364 initio
407 4309 567 4365 adiecerunt
584 4314 645 4377 (att.
659 4318 752 4366 ΕΚΕΙ
767 4311 936 4380 0111111111).
968 4313 1069 4368 Dixere
1087 4329 1147 4367 cum
1166 4313 1214 4368 alii
1227 4312 1261 4367 de

66 4399 110 4454 his
119 4399 203 4453 rebus
212 4405 270 4451 tum
281 4396 423 4451 Windisch
433 4396 451 4449 l.
466 4396 482 4453 1.
494 4402 544 4450 tut
555 4411 611 4464 sqq.
626 4398 764 4465 (attendas
776 4416 844 4467 prae
856 4402 953 4455 ceteris
962 4406 1013 4458 trs
1023 4403 1071 4467 sq.)
1085 4409 1113 4454 et
1123 4401 1260 4455 Prellvitz

64 4486 83 4545 1.
103 4485 122 4545 1.
158 4484 324 4541 Jobanssoni
344 4483 556 4554 disputationem
576 4482 670 4553 1110111.
690 4484 786 4541 tidslsr.
806 4485 825 4545 t.
843 4486 911 4557 phil.
931 4486 1007 4556 viil)
1025 4502 1079 4543 non
1098 4485 1161 4542 ridi.
