2940 5026
686 212 924 278 -116-

206 408 324 488 poetae
362 404 415 472 vel
453 402 609 485 rhapsodi
647 407 761 468 contra
800 400 990 470 vetustioris
1024 400 1099 467 aevi
1137 400 1408 467 consuetudinem

206 509 372 593 peccantis
395 509 523 591 lapsum
546 525 726 590 agnoscere
749 525 814 573 uon
838 507 961 575 dubito.
970 509 996 592 ¹)

293 619 323 681 6.
359 627 477 698 πεῖραρ
510 615 647 698 πείρατα
680 615 834 697 πειραίνιο
865 613 1005 700 ἀπείρων
1034 615 1097 679 huc
1127 612 1306 680 referenda
1336 630 1407 677 esse

206 721 325 786 docent
347 719 449 785 attica
473 718 573 802 πέρας
597 719 722 800 πέρατα
740 719 891 801 περαίνω,
917 717 1070 803 οἷπέρονα·
1095 719 1196 800 πέρας
1217 716 1264 804 μὴ
1292 718 1406 802 ἔχοντα

206 826 284 891 Hes.
309 824 395 890 unde
419 823 526 889 discas
550 822 749 888 Kochlerum
773 828 807 888 et
829 821 869 888 G.
894 823 1064 907 Meyerum
1089 822 1116 908 (²
1139 822 1159 908 ξ
1182 824 1243 888 381
1272 842 1305 905 p.
1328 823 1407 909 300)

205 931 246 997 de
270 931 466 998 ΑΠΕΡΩΝ
494 927 528 1015 (i.
554 948 581 994 e.
607 926 743 1014 ἄπέρων,
767 947 833 994 11011
861 926 1015 1015 α’πείρων)
1040 928 1154 995 CIAtt.
1178 928 1214 993 Π
1236 929 1344 994 652Α
1367 929 1407 993 39

206 1054 344 1102 errasse.
353 1034 380 1121 ἱ)
414 1032 572 1118 Hesychii
594 1032 705 1116 glossa
728 1039 879 1115 spectare
902 1033 1034 1101 videtur
1056 1032 1289 1114 Aristophanis
1312 1031 1407 1115 lrgm.

206 1144 270 1209 250
278 1142 319 1208 Κ.
345 1141 514 1207 δακτύλιον
530 1138 686 1224 ἀπείρονα
699 1136 775 1223 (scr.
789 1135 947 1224 αἰτέρονα)
962 1137 983 1203 i.
998 1156 1025 1204 e.
1040 1137 1290 1223 οἷσογκόλλητον,
1309 1138 1408 1221 πέρας

205 1245 249 1334 με)
269 1245 443 1324 δεικνύντα,
466 1243 510 1330 μὴ
530 1243 732 1310 συνάπτοντα
754 1241 852 1308 αὐτὸν
868 1240 973 1331 ἑαυτῷ
987 1241 1284 1324 interpretantibus
1308 1242 1408 1306 schol.

206 1350 340 1416 Homeri
372 1348 535 1431 (apposito
558 1348 676 1415 Aesch.
700 1346 739 1412 fr.
763 1345 853 1432 379).
888 1347 1018 1431 ἐρέβους
1041 1349 1075 1412 ἐν
1100 1344 1250 1431 ἀπείροσι
1278 1347 1409 1425 κόλποις

205 1455 262 1520 Ar.
286 1456 350 1522 Av.
375 1457 439 1521 694
463 1453 510 1540 (in
533 1453 719 1539 anapaest.)
742 1452 901 1519 duriter
924 1450 1008 1534 epici
1031 1449 1189 1517 sermonis
1211 1450 1407 1519 imitatione.

205 1559 347 1626 Formae
365 1558 576 1640 incorruptae
599 1563 677 1624 sunt
691 1557 873 1642 *rzip-saw
888 1558 1106 1639 *usp-salvem
1121 1554 1307 1641 ’ἀπὲρ-,ιων
1322 1556 1407 1642 (rad.

205 1664 279 1750 περ)
287 1665 324 1750 8).
360 1666 412 1732 Ab
430 1665 542 1732 eodem
568 1665 676 1746 capite
698 1663 757 1729 sed
773 1662 839 1729 alia
861 1662 917 1730 via
940 1662 1039 1728 ducta
1054 1662 1115 1727 hoc
1136 1662 1208 1728 loco
1222 1661 1258 1728 in
1275 1682 1409 1730 censum

204 1789 269 1835 non
299 1770 438 1836 veniunt
468 1769 590 1856 περάτρ
622 1773 775 1854 περαιοῦν
805 1773 839 1834 et
862 1766 993 1853 ἄπειρος
1024 1767 1111 1848 quod
1138 1772 1239 1833 antea
1271 1770 1315 1834 ab
1344 1769 1408 1835 alia

204 1873 315 1940 radice
338 1878 489 1955 repetere
512 1872 637 1940 frustra
659 1872 818 1940 laboravi.
863 1872 947 1937 Nam
971 1871 1102 1955 ἄπειρος
1125 1871 1306 1938 coliaerera
1337 1893 1407 1940 cum

206 1981 306 2064 πέρας
330 1980 471 2063 περαίνω
491 1976 634 2064 ἀπείρων
656 1997 682 2043 s
700 1976 827 2066 ἀπέρων
848 1996 913 2043 uon
934 1975 1097 2042 dubitabit
1119 1976 1173 2057 qui
1194 1975 1407 2060 philosophos

204 2084 395 2150 recordatus
419 2085 483 2150 erit
513 2085 548 2151 τὸ
573 2084 707 2169 ἄπειρον
730 2089 764 2150 et
793 2082 829 2150 τὸ
862 2083 1119 2167 πεπερασμένον,
1151 2081 1187 2148 τὸ
1212 2080 1353 2166 ἄπειρον
1376 2089 1408 2148 et

205 2189 241 2254 τὸ
273 2190 373 2274 πέρας
403 2189 594 2272 saepissime
616 2190 703 2255 inter
733 2207 769 2255 se
799 2205 964 2270 opponere
994 2186 1154 2267 simulque
1183 2186 1305 2270 tragici
1328 2206 1407 2254 usus

204 2294 395 2360 meminerit.
431 2294 604 2360 Locutioni
626 2294 712 2360 eninr
735 2292 930 2358 Homericae
954 2293 1070 2375 δεσμοί
1092 2290 1259 2377 ἀπείρονες
1285 2296 1404 2373 0340,

204 2399 396 2484 Aeschyleis
420 2401 539 2478 πέπλος
563 2398 711 2485 ἀιίρμων
733 2399 870 2464 Eumen.
895 2398 959 2463 024
984 2435 1024 2442 -
1048 2401 1126 2462 sunt
1148 2401 1259 2462 autem
1287 2410 1404 2482 πεῖραρ

205 2509 239 2569 et
262 2506 365 2589 τέρμα
389 2525 572 2589 synonyma
597 2544 647 2588 -,
673 2504 854 2588 ἀπέραντον
877 2504 1004 2568 δίκτυον
1019 2502 1185 2567 Prometlc
1204 2504 1290 2569 1078
1311 2523 1402 2569 accu-

203 2607 367 2674 ratissime
390 2609 592 2691 respondent
616 2608 749 2691 ἀπειροι
772 2606 1021 2694 ἀμφίβληστρον
1036 2605 1154 2671 Aescb.
1172 2606 1291 2688 Agam.
1311 2611 1402 2689 1336,

202 2711 303 2796 χιτών
333 2712 465 2798 ἄπειρος
495 2712 593 2794 Soph.
621 2712 716 2795 frgm.
739 2713 819 2792 483,
852 2709 973 2800 ἀπείρῳ
1003 2710 1173 2796 ὑφάσματι
1206 2710 1325 2793 Eurip.
1351 2713 1402 2778 Or.

203 2817 255 2881 25.
295 2815 427 2899 ἄπειρος
450 2836 492 2882 ex
515 2815 701 2902 ’ἀ-περ-ρος
722 2821 836 2881 natum
859 2814 955 2900 θεοί)
1004 2814 1057 2880 Ex
1089 2813 1221 2899 ἀπειρος
1248 2816 1338 2896 quod
1366 2816 1404 2881 de

203 2958 412 2967 ——m

203 3032 332 3101 loquendi
351 3049 422 3102 quae
441 3033 469 3087 in
488 3034 565 3101 epico
583 3041 667 3102 poeta
684 3030 793 3087 facilem
813 3031 911 3099 recipit
924 3039 953 3087 et
971 3031 1175 3087 excasationem
1195 3040 1223 3086 et
1236 3032 1403 3101 explicatum

203 3121 324 3194 (ζωγρεω
343 3127 367 3176 Ζ
387 3126 429 3179 16.
448 3127 478 3176 Λ
498 3126 559 3176 131:
580 3122 705 3191 ζωάγρια
723 3125 751 3173 Σ
766 3123 825 3172 tot.
844 3125 866 3172 a
884 3120 954 3186 162),
973 3117 1048 3186 apud
1066 3119 1228 3186 scriptorem
1247 3119 1403 3187 pedestrem

202 3206 295 3261 iacere
309 3223 364 3262 non
383 3223 492 3276 possum
511 3207 577 3277 quin
591 3207 729 3275 epicorum
742 3206 890 3261 imitationi
909 3205 1028 3261 tribuam
1046 3208 1166 3278 (ζωγρεω
1179 3206 1314 3262 Herodot
1330 3214 1404 3276 ltar3

202 3297 301 3369 ζωνρίρ
322 3295 360 3349 VI
379 3300 421 3349 28.
442 3301 488 3349 tlt:
517 3297 643 3371 ζωάγρια
661 3295 702 3348 III
721 3298 771 3361 36).
810 3294 982 3363 Quamquam
1006 3294 1035 3347 in
1059 3293 1102 3349 his
1125 3308 1196 3363 quae
1221 3293 1320 3349 ultimo
1347 3296 1404 3350 loco

201 3382 281 3449 posui
300 3382 472 3451 aliquantum
491 3389 620 3438 accentus
640 3383 845 3450 discrepantiae
864 3381 986 3437 dandum
1004 3396 1065 3437 esse
1083 3382 1218 3452 suspicari
1237 3383 1337 3450 possis.

274 3472 292 3537 1)
312 3470 394 3537 Apud
412 3468 561 3524 Hesiodum
586 3470 743 3539 quinquies;
771 3468 823 3523 Th.
852 3475 901 3522 tea
929 3469 957 3524 in
984 3469 1116 3524 thasi-
1137 3472 1230 3526 νόσων
1255 3471 1284 3528 b.
1310 3471 1337 3525 h.
1363 3472 1403 3528 ed.

201 3556 308 3611 Gemoll
326 3556 378 3610 XV
400 3566 421 3625 1,
441 3557 488 3612 ubi
507 3573 529 3610 v.
549 3563 565 3610 3
584 3560 725 3628 Φλεγύου.

273 3650 294 3712 ²)
313 3643 354 3702 Cf.
374 3644 476 3700 Oehler
495 3644 591 3713 Simpl.
616 3662 726 3701 corson.
750 3645 852 3700 contin.
878 3645 906 3698 in
931 3660 972 3712 gr.
993 3644 1058 3713 ling.
1084 3644 1143 3699 sine
1167 3643 1253 3702 vocal.
1278 3646 1404 3713 product

200 3736 402 3804 geminatamnr
421 3734 482 3789 loco
500 3735 581 3802 posit.
610 3734 684 3802 Lips.
707 3740 773 3787 1880
792 3748 819 3800 p.
839 3739 881 3789 61.

272 3824 370 3889 8)Η110
388 3837 443 3876 non
461 3821 530 3876 facit
548 3825 696 3896 ιίπείριτος
714 3822 732 3880 i.
746 3837 768 3876 e.
789 3821 969 3896 ‘dntpj-rrof
988 3820 1032 3888 (cf.
1044 3818 1209 3891 Ιἀμαξ-ιτός
1228 3819 1279 3875 lat
1299 3823 1405 3886 orb-ila)

199 3925 252 3978 quo
271 3911 381 3979 proprie
400 3924 444 3963 rea
463 3908 634 3977 significatur
653 3923 723 3977 quae
747 3908 884 3963 circumiri
909 3908 954 3977 (an
973 3907 1106 3962 transiri?
1132 3913 1199 3980 περί
1216 3932 1250 3951 =
1271 3907 1321 3962 lat.
1336 3906 1403 3978 per?

198 3999 284 4066 βατιᾷ
303 3997 325 4049 τ’
344 4001 482 4072 α’πειρίιρι
502 3997 574 4066 quod
594 3997 703 4066 scripsit
721 4012 772 4064 pro
791 3995 894 4051 tradito
914 3999 1062 4071 ιίιιειριίιρ
1078 3995 1213 4064 Bergkius
1232 3994 1348 4053 Pindar.
1362 3995 1404 4049 Ol.

198 4081 237 4134 VI
263 4087 295 4135 tl
321 4108 354 4126 =
378 4083 509 4152 impervia
532 4083 688 4138 senticeta?
723 4081 757 4138 cf.
786 4085 952 4152 ἀνέμβατον
981 4082 1117 4153 ἀρομάνα
1145 4081 1262 4139 Babriua
1288 4089 1337 4150 45,
1364 4088 1404 4149 11)

199 4168 293 4236 nequit
312 4171 426 4237 (πόντος
446 4173 595 4246 ἀπείριτος
613 4192 629 4224 ιι
651 4177 708 4228 195.
727 4170 792 4226 Hes.
811 4171 951 4240 Theogon.
974 4177 1035 4240 1095
1054 4182 1140 4241 γιιῑιιν
1159 4174 1312 4244 ἀπείριτον
1331 4173 1403 4241 ata).

271 4259 292 4322 ⁴)
310 4256 353 4311 Cf.
374 4258 526 4324 gerundiis
550 4259 711 4315 sanseritica
730 4259 758 4313 in
777 4279 835 4328 -ρο-
862 4260 890 4329 (i.
909 4274 933 4318 e.
952 4261 1029 4329 ipa)
1048 4258 1182 4328 Whitney
1200 4267 1265 4314 scrt.
1284 4276 1403 4329 gramm.

198 4341 292 4413 §693-
328 4345 489 4413 Bragmann
507 4346 682 4404 11111195.
720 4349 828 4420 ἄειρον·
849 4349 987 4420 ἄρρητον)
1007 4349 1118 4421 ἄιρρον·
1138 4350 1265 4422 ἄρρητον
1284 4348 1349 4403 Hes.
1371 4369 1403 4397 <

198 4432 371 4506 'ri-fsp-jov.
409 4431 506 4487 Sufdxi
525 4432 712 4501 discrepantia
731 4428 844 4502 (ἀγ-τος
868 4432 945 4486 iuxta
974 4432 1100 4506 *cisspjor
1126 4432 1273 4508 ’ἀπιρ)ὀς)
1299 4435 1338 4489 sic
1356 4449 1403 4488 ex·

198 4519 336 4588 pedienda
355 4519 416 4591 erit,
441 4528 472 4575 ut
490 4521 551 4592 π’]ὀ-
571 4520 697 4589 simplici,
714 4520 848 4576 vocabulo
867 4536 928 4576 cum
948 4542 966 4574 ιι
984 4519 1119 4590 privativo
1138 4521 1290 4592 composito
1309 4530 1402 4577 autem
