2956 5018
563 239 713 303 -405
758 275 799 284 —

78 428 149 493 Aut
172 428 251 492 σιτεό
274 445 334 509 per
355 429 519 510 synizesin
542 427 658 494 efferas
682 433 719 493 ut
744 427 853 493 hiatus
882 427 941 492 fiat
962 426 995 490 in
1026 424 1167 491 diaecesi
1196 405 1278 490 σπὲἲι

77 558 134 613 μοι
158 531 200 609 ὡς
224 531 278 595 ὅτε
301 540 366 597 κτλ.
391 537 449 598 aut
472 551 603 599 versum

321 634 397 688 σπὲὄ
416 655 466 699 μοι
486 635 522 694 ὥς
543 629 588 688 ὅτε
609 639 692 706 πατρὶ
714 629 764 698 ἅμ’
783 634 870 687 ἓσπτο
892 632 976 686 Τυδέι
997 632 1047 701 δίῳ

77 721 290 802 adnumeres,
315 721 435 801 quain
458 741 493 787 re
517 725 682 787 auctorem
705 719 839 786 habebis
862 718 1075 799 Ahrensium,
1101 716 1275 799 acephalis.

78 826 183 890 ‘aneto
206 824 461 908 Ictusdehnuug’
486 824 567 890 Fick
590 825 628 888 Il.
652 826 717 889 480
740 824 783 889 ad
805 824 865 888 loc.

166 935 210 994 M
234 930 274 995 15

270 1040 360 1115 αὐτὰρ
380 1045 442 1097 έπτὶ
462 1044 533 1096 κατὰ
553 1044 609 1110 μὲν
631 1041 733 1111 Τρώιον
753 1041 846 1093 θάνον
866 1033 947 1093 ὅσσοι
967 1041 1091 1111 ἄριστοι,

271 1131 367 1181 πολλοὶ
387 1126 412 1179 ‹5'
431 1128 563 1201 Ἀργεῗων
583 1130 611 1180 οἳ
628 1128 685 1195 μὲν
704 1127 808 1195 δάμεν,
828 1128 856 1179 οἳ
875 1126 905 1179 δέ
925 1128 1053 1187 λίποντο,

273 1221 395 1288 πέρθετο
415 1215 444 1268 δὲ
468 1217 617 1286 Πριάμοιο
638 1216 717 1274 πόλις
737 1214 845 1283 δεκάτῳ
865 1213 994 1281 ένιαυτρῖ,

271 1305 391 1372 Ἀργέιοι
411 1302 436 1354 δ’
456 1305 487 1357 έν
506 1309 584 1368 νηυσὶ
605 1306 690 1372 φίλην
709 1306 736 1362 ές
757 1300 869 1374 πατρέτΓ
888 1304 1000 1370 ἔβησαν,

272 1387 303 1455 δι’]
325 1391 385 1444 τότε
404 1392 460 1442 κτλ.

75 1494 300 1577 imperfectum
339 1491 470 1558 defendi
507 1512 571 1558 non
609 1511 705 1573 posse
749 1491 929 1557 arbitratur
966 1510 1031 1559 van
1069 1491 1273 1556 Herwerden

76 1602 195 1665 linem.
220 1619 251 1664 n.
283 1618 308 1663 s.
338 1597 456 1663 XVHI
485 1600 544 1679 363
580 1597 744 1663 sententia
774 1596 898 1661 scilicet
927 1595 1048 1677 requiri
1083 1595 1238 1661 aoristum
1248 1595 1272 1679 ¹)

76 1703 253 1787 passivum.
293 1702 391 1769 Cuius
418 1702 521 1770 uicem
548 1703 674 1768 obtinet
700 1702 787 1783 apud
811 1701 987 1766 Homerum
1012 1700 1154 1766 aoristus
1176 1699 1274 1764 medii

75 1808 224 1891 generis,
261 1807 454 1891 διεπράθετο
489 1808 602 1872 ο384.
648 1805 766 1871 Versui
799 1810 929 1872 vetusto
963 1810 1095 1887 poterat
1130 1804 1273 1889 πράθετο

75 1911 170 1977 reddi
194 1929 259 1991 qua
281 1910 352 1976 sola
373 1908 478 1975 forma
493 1909 655 1974 Homerus
678 1908 797 1991 utitur;
822 1909 880 1974 sed
903 1908 936 1973 in
959 1909 1021 1973 hac
1043 1913 1138 1989 parte
1161 1925 1272 1972 recen-

76 2015 168 2082 tioris
185 2013 317 2097 originis
340 2017 489 2094 praestet
510 2011 661 2093 sortasse,
685 2013 858 2078 dummodo
881 2031 946 2079 van
962 2011 1166 2077 Herwerden
1182 2016 1272 2076 recte

74 2116 280 2198 iudicaverit,
304 2116 345 2180 de
369 2114 513 2200 πάρθετο
535 2115 705 2181 inferendo
728 2115 890 2198 cogitare,
922 2115 1007 2194 quod
1030 2113 1125 2180 facile
1148 2114 1272 2180 tuearis

75 2220 204 2288 collatis
227 2221 490 2305 ἐ3ρα3ον1ιοιπ.;
515 2221 718 2302 κατέδαρθον
741 2223 800 2285 att.

165 2353 182 2409 ρ
206 2326 270 2390 375

311 2408 332 2463 ὦ
351 2412 491 2483 α’ρέγνωτε
511 2410 631 2479 συβῶτα,
651 2417 692 2476 τίρ
713 2410 742 2463 δὲ
763 2409 797 2462 σὺ
818 2410 899 2464 τόνδε
919 2410 1034 2464 πόλινδε

74 2520 138 2566 σοι]
162 2498 382 2565 necessarium
410 2497 541 2564 videtur
568 2496 722 2582 ἀρίγνωτε
752 2497 894 2564 scribere
925 2516 1021 2578 quam
1052 2495 1271 2561 coniecturam

73 2604 190 2668 Nauck
211 2600 366 2666 memoris
389 2600 520 2683 dignam
544 2600 670 2666 censuit
693 2600 838 2685 (Bekker
861 2600 1053 2666 Helles.
1089 2600 1139 2665 La
1161 2601 1271 2666 Roche

161 2810 269 2876 Radix
300 2831 378 2892 aves
402 2809 498 2876 solita
525 2810 652 2884 ratione
682 2810 856 2893 progenuit
884 2829 1001 2876 nomen
1033 2809 1154 2894 *nvtsd
1186 2812 1271 2892 quod

72 2916 195 3000 legitur
217 2935 267 2982 ex.
290 2935 338 2998 gr.
362 2916 450 2998 apud
465 2915 644 2982 Pindarum
667 2915 798 2998 saepius
822 2922 857 2982 et
878 2917 977 2982 attice
1000 2922 1158 2982 mutatum
1184 2916 1271 2997 apud

72 3018 246 3106 Atticos.²)
284 3019 343 3085 Cui
365 3019 478 3103 lingua
501 3020 628 3086 addidit
649 3021 820 3104 gemellam
844 3041 956 3088 vocem
979 3028 1057 3087 noto
1081 3020 1195 3087 suffixo
1219 3019 1271 3085 -ιά

72 3124 246 3189 formatam
277 3120 442 3207 *nvosaffil
465 3154 497 3181 >
523 3121 616 3188 πνοιά
646 3123 741 3190 Pind.
767 3124 816 3189 Ol.
841 3124 893 3190 ΙΠ
922 3127 974 3190 31.
1021 3125 1113 3190 Haec
1143 3143 1272 3206 semper

72 3230 143 3295 fere
169 3227 203 3293 iu
233 3228 346 3294 mediis
376 3228 525 3296 versibus
549 3248 569 3294 a
599 3234 698 3310 poeta
728 3229 818 3311 epico
850 3230 946 3295 alteri
975 3231 1022 3295 illi
1052 3230 1271 3312 praeferenda

73 3338 147 3399 erat
169 3333 429 3414 quandoquidem
449 3332 640 3415 positionem
664 3334 839 3417 neglegere
854 3354 919 3401 non
941 3335 1094 3421 licebat⁴)
1118 3341 1153 3400 et
1174 3335 1271 3417 longe

72 3436 219 3520 plurimis
241 3436 321 3503 locis
345 3436 391 3503 eis
414 3437 543 3502 casibus
567 3455 648 3517 opus
672 3442 724 3501 est
746 3456 880 3517 quorum
905 3439 1052 3521 syllabae
1075 3439 1190 3504 finales
1214 3443 1272 3502 aut

73 3541 201 3606 omnino
236 3539 354 3623 corn'pi
387 3547 553 3622 nequeant
587 3547 645 3606 ant
678 3548 767 3607 certe
797 3542 959 3624 ingratam
994 3544 1138 3609 habeant
1171 3548 1270 3622 atque

87 3767 89 3770 .
147 3735 165 3796 ¹)
184 3730 279 3799 Argivi
301 3732 384 3785 Ἴλιον
410 3733 596 3805 ἐκπέρσαντες
626 3760 654 3769 -
675 3735 837 3787 α’πονέοντο
862 3738 887 3787 E
907 3738 955 3785 116
974 3731 1024 3800 al,
1050 3731 1122 3787 unde
1148 3732 1270 3801 corrigas

73 3824 103 3872 A
122 3824 153 3872 13
173 3821 308 3894 ἐκπέρσαι
322 3821 474 3893 Πριάμοιο
492 3821 577 3876 πόλιν
597 3818 626 3872 id
646 3819 671 3872 δ’
686 3821 777 3873 οἴκαδ’
790 3823 912 3874 ἱκέσθαι.
941 3819 1164 3893 sanitatesque
1184 3822 1270 3875 πόλιν

73 3904 213 3979 Πριάμου
233 3906 263 3960 ἐὺ
277 3905 391 3976 sorxcd'
409 3910 523 3962 ἱκέσθαι
543 3906 645 3961 collato
663 3907 730 3964 Hor.
749 3912 801 3960 sat.
820 3906 846 3957 11
866 3911 891 3973 3,
913 3911 958 3959 13]
980 3905 1016 3959 ‘di
1035 3906 1084 3959 tibi
1103 3905 1169 3960 dent
1186 3911 1270 3974 capta

71 3991 187 4045 classem
207 3991 338 4047 reducere
355 3992 454 4049 Troia’.
476 4022 507 4031 -
527 3992 610 4046 Rhes.
630 3998 696 4059 434,
716 3997 765 4045 436
786 3995 849 4046 ἐπει
868 3991 894 4044 ‹l'
914 3994 1020 4065 ἔπερσα
1041 4022 1069 4029 -
1091 3989 1154 4058 ἦκτο.
1192 3992 1269 4050 Ovid.

72 4082 211 4135 metamus.
237 4079 302 4133 x1v
330 4085 381 4134 466
404 4095 461 4148 sqq.
489 4079 643 4147 ‘postquam
671 4079 730 4134 alta
763 4085 912 4133 crematast
939 4078 1008 4133 llion
1037 4109 1066 4117 -
1096 4079 1268 4147 spargimur.

73 4166 115 4222 Cf.
134 4174 231 4222 contra
250 4166 332 4234 Soph.
352 4166 423 4223 Phil.
446 4171 512 4219 14⁴0
530 4182 569 4234 sq.
589 4161 659 4220 ὅταν
678 4169 812 4234 πορθῆτε.

145 4251 1268 4322 ’thmpmanmnmbmwhnmmpmmm

73 4342 211 4399 arnan.
232 4347 289 4395 lot.
320 4344 410 4407 πνοήν
430 4341 502 4397 Nub.
524 4347 580 4398 131.
617 4338 917 4407 noctemnoctem
955 4342 1001 4392 Ar.
1021 4341 1090 4395 Rau.
1111 4347 1161 4393 313
1181 4342 1218 4397 al.

144 4430 164 4495 ³)
184 4427 226 4485 Cf.
245 4429 382 4482 σκοπ-ἳᾰ.

142 4515 1039 4585 dmufflmmflmmmwfflnmmedmstmst.
