2940 5026
694 186 930 249 -170-

213 373 324 455 stirpis
354 374 475 440 formas
505 373 774 441 transferentium
804 376 940 441 subesse
970 379 1078 457 queat.
1126 375 1255 460 Benfey
1285 394 1408 458 eompa-

212 478 301 545 ravit
322 496 424 561 germ.
440 499 540 560 emer,
563 497 648 560 quae
668 478 808 561 suspicio
832 479 872 546 G.
888 479 1000 546 Curtio
1024 479 1155 565 (Grdz.b
1170 479 1251 566 336)
1275 481 1411 562 probata

214 583 346 666 egregie
369 581 564 664 scriptorum
593 600 655 648 usu
678 583 906 664 confirmatur,
937 582 993 663 qui
1021 586 1103 665 μυδ-
1133 583 1203 649 fere
1227 583 1270 649 de
1292 582 1411 666 uligine

213 686 368 753 foedante
391 691 426 753 et
448 685 653 753 deformante
682 705 843 768 usupare
873 687 997 754 solent:
1028 695 1065 754 A
1087 689 1130 754 54
1161 690 1281 772 αἵματι
1309 691 1409 770 μυδα-

214 793 305 876 λέας;
339 791 419 858 locis
442 790 507 857 iam
530 791 640 858 allatis
665 791 750 882 φόνῳ
772 791 954 874 μυδόωυτες
976 797 1011 859 et
1035 792 1136 881 φὸυου
1157 793 1314 877 μυδώσας
1338 820 1411 861 στα-

213 896 326 982 ydem,-
349 898 571 979 μυδῶυσῶμα
588 897 676 978 apud
691 897 891 964 recentiores
914 898 1047 981 saepius
1063 898 1130 983 (τὸν
1146 901 1181 965 δὲ
1196 897 1310 984 νεκρὸν
1325 898 1410 984 εὗρε·

215 1007 315 1088 θῆναι
340 998 466 1083 σαπρὸν
480 998 543 1087 ἤδη
566 1000 622 1065 και*
643 1004 796 1083 μυδῶντα
811 1000 874 1066 Dio
890 1001 1059 1085 chrysost.
1076 1002 1107 1069 V
1123 1021 1188 1086 ex.;
1212 1001 1254 1068 cf.
1271 1002 1410 1085 Hippon.

213 1105 308 1190 frgm.
337 1107 378 1172 23
388 1105 467 1191 B4.).
477 1104 501 1191 ¹)
547 1103 731 1189 Hesychius
761 1105 890 1188 glossas
916 1106 1066 1187 μυδαδυει
1094 1110 1259 1189 μυδῶντες
1287 1110 1410 1189 μυδῶυι

213 1211 452 1292 interpretatur
489 1209 601 1276 addito
645 1209 775 1297 σήπειυ;
818 1229 844 1276 s.
882 1230 914 1278 v.
955 1212 1118 1293 μυδαλέον
1154 1211 1279 1295 legitur
1316 1211 1410 1278 etiam

214 1314 360 1402 ῥυπαρόν
389 1315 410 1381 i.
434 1334 462 1380 e.
490 1314 668 1398 sobrncteip
702 1312 756 1399 (cf.
788 1313 887 1380 etiam
917 1314 1100 1381 Archiloch.
1131 1315 1227 1398 frgm.
1263 1317 1326 1382 182
1336 1315 1410 1401 Be).

215 1420 350 1506 δάκρυσι
371 1421 517 1503 μυδαλέα
540 1456 564 1470 u
589 1418 677 1502 ὄμμα
706 1417 856 1504 δακρύοις
879 1420 1079 1506 πεφυρμένοι
1101 1419 1217 1502 Eurip.
1246 1419 1304 1487 Or.
1332 1422 1411 1486 1410

214 1527 269 1612 (ef.
292 1525 496 1609 μυδαλδευτα
520 1524 724 1612 πεφυρμένος
748 1521 880 1606 ὄμματα
903 1528 1059 1612 κλαυθμῷ
1081 1523 1151 1590 ΑΡ.
1174 1523 1245 1590 XII
1269 1526 1346 1607 226,
1372 1524 1410 1610 l).

215 1631 443 1715 διαμυδαλέοις
467 1629 603 1715 δάκρυσι
618 1665 642 1680 w
658 1626 799 1713 θαλερὸν
822 1627 921 1715 δάκρυ
944 1628 1070 1715 (Heni)
1087 1629 1173 1710 qued
1196 1628 1281 1714 (KZ.
1296 1628 1411 1695 XXIX

214 1740 278 1804 260
300 1756 350 1803 nr.
374 1735 409 1822 9)
432 1740 524 1801 recte
547 1754 620 1801 cum
642 1732 779 1818 θολερός
803 1737 921 1800 δολοῦν
950 1733 1157 1800 coniunxime
1188 1731 1314 1816 videor,
1339 1738 1413 1800 tune

213 1842 369 1925 temporis
391 1840 560 1907 immemor
581 1840 713 1923 glossae
735 1858 819 1921 quae
849 1839 883 1906 in
913 1839 1048 1924 originis
1077 1838 1274 1907 diversitate
1304 1843 1412 1905 tamen

213 1947 407 2014 simillimam
440 1945 564 2014 vocalis
599 1945 853 2028 discrepantiam
887 1943 998 2026 prodit
1033 1943 1266 2028 Hesychianae
1304 1944 1412 2008 σαιιά·

215 2052 339 2138 πλέγμα
362 2052 496 2142 salcido>
512 2049 625 2134 ὅμοιοι
648 2050 663 2118 ὃ
688 2052 742 2116 ἕιιδ
762 2056 820 2138 τῆς
842 2054 985 2137 κεφαλῆς
1001 2053 1159 2136 φοροῦσιν
1182 2048 1216 2114 αἱ
1232 2048 1411 2116 Λάκαιναι.

214 2157 367 2242 delapsio:
390 2156 531 2244 θολερός
553 2157 623 2224 fere
645 2188 668 2212 =
690 2158 806 2223 θολιάι
831 2157 939 2223 σαλδα.

301 2263 406 2347 Quam
429 2261 570 2346 Benfeyi
593 2261 842 2345 originationem
871 2260 900 2326 si
928 2259 1151 2343 probarimus,
1184 2259 1368 2342 plangum
1396 2278 1412 2326 e

213 2367 356 2434 metricis
379 2367 561 2434 rationibus
577 2372 728 2449 repetere
750 2384 816 2432 non
832 2365 1061 2448 dubitabimus,
1086 2364 1172 2447 quod
1188 2369 1223 2430 et
1243 2363 1280 2430 in
1294 2383 1413 2448 maaca

212 2473 326 2557 lingua
349 2491 460 2539 omnes
480 2473 566 2539 aliae
588 2472 714 2539 formae
737 2471 905 2537 deerrare
927 2489 993 2537 non
1008 2475 1182 2552 suspectae
1204 2469 1413 2535 consentiunt

214 2578 255 2644 de
284 2577 378 2646 brevi
408 2578 515 2647 vocab
545 2582 580 2644 et
597 2577 639 2643 ¹in
669 2577 828 2646 vocabulo
859 2576 1046 2660 germanico
1075 2579 1302 2657 oocuparet
1348 2574 1413 2640 Nec

212 2687 303 2748 recte
336 2681 506 2764 praecepit
538 2681 670 2747 Lobcck
701 2680 899 2767 (Prolegom.
934 2679 1010 2764 102)
1042 2679 1083 2745 de
1113 2677 1414 2747 adiectivorumin

214 2786 326 2863 -αλέος
349 2785 550 2866 quantitate:
582 2785 741 2852 abstinuit
770 2785 900 2867 quidem
923 2803 1044 2869 graeca
1065 2784 1180 2869 lingua
1201 2783 1274 2850 fere
1296 2786 1415 2853 breves

213 2890 422 2957 continuatas
452 2889 625 2957 fastidiens
656 2891 697 2956 ab
732 2889 904 2959 adieetivis
937 2888 971 2956 in
1005 2890 1117 2967 -αλέος
1151 2908 1236 2971 quae
1269 2907 1292 2955 a
1322 2887 1416 2958 brevi

213 2994 388 3078 incipiunt,
422 2999 533 3061 tamen
567 2996 650 3061 haec
683 3013 748 3061 non
780 2995 848 3060 fixa
880 2993 1014 3077 linguae
1046 2994 1117 3076 lex,
1153 2993 1212 3059 sed
1239 3011 1319 3059 usus
1344 2998 1415 3059 erat

214 3099 449 3168 consuetudine
471 3104 606 3166 sanctus
629 3119 650 3165 a
673 3118 735 3181 quo
758 3117 878 3167 revera
899 3097 1111 3181 Hippocratis
1133 3097 1269 3175 ὑδαλὲυς
1290 3097 1415 3164 recedit

214 3225 280 3288 qua
310 3205 352 3271 de
381 3222 462 3272 voce
492 3222 551 3270 suo
581 3204 652 3269 loco
684 3202 874 3284 disputabo,
905 3200 1048 3268 fortasse
1078 3200 1258 3287 τραγαλέου
1286 3219 1414 3283 quoque

214 3307 422 3394 Hesychii32)
446 3306 591 3373 ciusdem
614 3307 774 3384 κακαλέας
796 3305 929 3372 dubium
953 3310 1013 3371 est.
1094 3292 1097 3296 ⁴

302 3413 401 3480 Aliud
417 3418 594 3479 suaserunt
609 3411 740 3479 Ostboff
752 3411 841 3498 (MU.
858 3412 906 3478 IV
922 3414 963 3478 22
976 3402 1045 3497 sq.)
1062 3411 1100 3477 L.
1118 3411 1233 3496 Meyer
1250 3409 1296 3495 (V
1296 3408 1341 3493 gl.
1358 3408 1413 3475 Gr.

214 3518 245 3584 Ι2
282 3517 359 3605 134)
397 3518 603 3584 Holthausen
641 3517 723 3603 (KZ.
758 3517 911 3584 XXVIII
948 3517 1027 3603 282)
1065 3516 1099 3582 in
1137 3514 1414 3598 comparationem

215 3621 341 3690 vocatis
365 3621 711 3688 susurramine
736 3620 773 3687 sl.
798 3619 886 3704 mpjo
911 3619 1045 3687 ‘lavare’
1069 3618 1118 3685 lit.
1138 3618 1289 3704 mccdy‘ti
1312 3638 1413 3703 germ.

215 3726 291 3793 dial.
308 3732 418 3793 maten
434 3727 505 3794 ‘das
520 3726 648 3812 gesicht
662 3727 836 3809 waschen’,
844 3726 871 3812 ³)
896 3744 976 3807 quas
997 3742 1095 3793 voces
1112 3724 1261 3809 componi
1284 3724 1415 3792 omniuo

537 3917 552 3942 ,
1149 3919 1151 3923 ,

288 3971 307 4039 ¹)
325 3970 465 4026 Ruhnken
483 3967 520 4023 ad
538 3967 608 4025 Tim.
626 3967 680 4022 lex.
699 3967 772 4025 Plat.
790 3982 816 4035 p.
839 3972 895 4021 184.
931 3967 1103 4037 μεμυδδιος·
1122 3968 1238 4042 ῥέοντος
1257 3968 1323 4026 Hos,

287 4060 307 4127 λ)
326 4059 343 4116 i.
362 4074 386 4116 e.
401 4061 572 4132 fpayomm
591 4056 625 4112 cf.
646 4058 798 4129 δρριιιιλειι·
818 4057 940 4130 ῥηγαλέα
967 4055 1053 4110 Bekk.
1073 4055 1177 4109 Aneed.
1195 4053 1238 4108 III
1266 4060 1334 4108 1⁴28
1352 4071 1373 4110 s.
1391 4071 1413 4108 v.

216 4147 392 4213 (Theognost.
411 4144 431 4202 f.
450 4146 494 4213 ιο)
518 4143 565 4199 ubi
592 4143 697 4197 scribas
721 4145 870 4216 δραμαλέα.
908 4142 984 4210 Quae
1008 4143 1102 4211 glossa
1127 4140 1234 4197 aceedit
1257 4142 1414 4199 collection

216 4233 248 4292 G.
267 4234 393 4303 Meyero²
410 4231 426 4302 ᾗ
445 4237 496 4285 239
515 4249 540 4300 p.
560 4237 619 4288 239.

288 4325 308 4386 ³)
326 4319 466 4374 *mad-nob
485 4340 518 4369 >
538 4319 587 4374 lat.
605 4321 726 4381 ιιιιιιιδυο,
745 4335 807 4386 opp.
826 4322 976 4373 immundus
993 4317 1038 4388 (cf.
1058 4319 1165 4388 iactos).
1201 4320 1243 4372 De
1269 4317 1414 4374 metathesi

216 4408 251 4467 cf.
266 4408 376 4474 fundus,
391 4412 538 4480 ponderent
557 4432 591 4457 =
611 4424 664 4466 osc.
680 4411 827 4479 polamine.
845 4407 958 4463 Radicio
976 4410 1070 4462 mdcd:
1087 4410 1152 4461 mad
1170 4414 1254 4461 tenue
1271 4408 1413 4476 vestigium

216 4496 291 4552 haud
311 4497 367 4552 scio
386 4513 422 4551 au
447 4497 596 4551 servaverit
619 4495 737 4565 Hecycb.
763 4495 951 4565 μυδιίαασοαι
976 4493 1046 4561 (cod.
1065 4493 1203 4563 frequenti
1221 4508 1315 4549 errore
1334 4496 1413 4561 μοι.)-
