2940 5026
557 270 795 333 -163-

69 459 258 543 linguarum
281 458 483 541 comparatio
499 457 554 543 (ol.
570 458 619 523 lit.
634 455 767 544 ousord)
791 463 826 522 et
847 457 935 522 inter
957 476 1069 522 omnes
1092 460 1275 541 constabat,

71 563 177 629 donec
207 561 450 644 Wackernagel
483 561 525 626 de
557 561 620 627 hac
654 559 872 644 explicatione
906 560 1128 627 dubitationes
1163 562 1275 645 movit,

71 686 145 734 cum
168 666 292 749 primus
315 664 398 752 (KZ.
419 665 517 731 XXV
541 666 601 731 261
623 665 710 751 sqq.)
732 665 767 731 in
790 664 976 731 subtiliores
999 665 1157 746 quasdam
1181 686 1275 748 grae-

71 791 132 838 cae
167 769 401 838 contractionis
434 769 526 853 leges
557 774 630 835 arte
661 774 696 834 et
727 769 855 835 ratione
890 788 951 835 nec
984 788 1049 835 non
1083 788 1155 835 cum
1189 769 1277 836 feHci

71 894 228 943 successu
257 876 448 956 inquireret.
493 875 743 943 Demonstravit
766 874 850 941 enim
881 879 916 941 et
938 873 1004 940 alia
1027 879 1061 940 et
1089 875 1163 941 hoc:
1200 879 1277 958 eodo

72 987 154 1066 τσο)
177 980 212 1046 in
235 979 348 1046 Attica
377 979 518 1045 dialecto
542 979 798 1045 contractionem
819 979 854 1044 in
877 978 1065 1047 universum
1088 999 1154 1045 nou
1177 998 1277 1061 passa

72 1104 165 1169 esso;
191 1091 270 1164 ε(σ)ο
302 1090 401 1164 elma,
431 1082 503 1167 τ())ο
535 1081 610 1167 styla
641 1088 757 1149 contra
785 1082 819 1149 in
843 1101 941 1149 unam
967 1084 1099 1167 longam
1130 1085 1276 1152 vocalem

74 1219 111 1257 ττ
135 1222 156 1278 η
180 1200 201 1256 d
232 1190 323 1256 abire
352 1190 469 1256 solere.
515 1188 580 1255 Sed
610 1207 717 1270 pauca
746 1207 832 1268 quae
855 1191 987 1255 obstare
1010 1189 1093 1257 vidit
1116 1208 1188 1255 eum
1211 1208 1277 1255 non

72 1295 156 1363 satis
180 1282 365 1378 expediisse
386 1295 459 1361 iure
487 1294 633 1361 suniam
655 1294 808 1359 Froehde
832 1292 916 1380 (BB.
940 1294 1109 1380 1711385)
1141 1295 1275 1377 monuit,

73 1400 129 1482 qui
158 1405 272 1465 tamen
300 1398 372 1482 ipse
400 1416 466 1463 non
495 1398 600 1480 magis
629 1416 725 1478 quarn
749 1397 941 1480 Brugmann
969 1397 1014 1483 (V
1015 1399 1082 1463 erh.
1107 1399 1138 1463 d.
1163 1397 1275 1464 Sachs

72 1503 153 1571 Ges.
177 1505 208 1571 d.
232 1505 331 1571 Wiss.
357 1508 451 1588 1889,
474 1504 533 1590 45)
562 1505 710 1587 regulam
733 1504 861 1572 invenit
890 1522 975 1584 quae
1004 1505 1087 1570 haec
1109 1508 1177 1569 est:
1208 1504 1275 1570 dia·

72 1608 179 1673 lectus
203 1608 306 1674 attica
327 1609 360 1674 in
383 1608 519 1676 vocibus
550 1607 783 1691 hisyllahis
811 1626 832 1673 a
861 1607 1085 1673 contractione
1116 1609 1276 1675 vocalium

74 1740 108 1778 τα
140 1740 179 1778 τα
209 1731 295 1793 quae
328 1712 470 1779 medium
498 1740 518 1778 α
547 1712 603 1782 vel
627 1711 646 1795 j
683 1711 864 1777 amiserunt
898 1729 971 1776 sese
1013 1711 1181 1778 abstinuit.
1229 1713 1276 1778 Cf.

74 1819 152 1896 πέος
182 1817 219 1903 (ε
245 1822 322 1883 sert.
345 1818 459 1904 pasus)
492 1818 562 1895 δέος
585 1815 633 1903 (<
658 1815 791 1901 *dfejog)
822 1815 917 1881 iuxta
948 1816 1082 1903 deodfq'r
1113 1819 1277 1905 Aeodrjcst)

73 1921 151 1999 θεός
186 1922 234 2008 (<
258 1921 422 2008 *3⁶06;)²)
459 1921 553 1988 iuxta
589 1919 773 2004 Θοίριαντις
811 1919 1031 2007 Θούφραστος
1065 1922 1276 2004 Αήεῖορὴᾶη.

77 2026 261 2105 &colimur
299 2032 419 2113 -δοτρος
459 2028 603 2113 -κλείδης
636 2033 794 2112 -μβροτος
827 2027 940 2112 -μένης
979 2053 1098 2110 -μορος
1130 2030 1278 2113 -τιμίὸης

77 2158 188 2215 -ττμος
227 2131 349 2219 -φάνης
381 2142 494 2220 -φιλος
532 2151 617 2213 quae
655 2131 763 2197 omnia
800 2132 956 2214 leguntur
992 2131 1027 2196 in
1061 2132 1195 2197 cunta·
1213 2133 1277 2218 1³)

77 2236 242 2324 Θεόφιλος
272 2242 307 2303 et
340 2237 458 2304 similia
482 2265 515 2302 το
546 2257 588 2303 ex
615 2236 753 2319 simplici
781 2237 905 2303 habent
934 2236 1132 2302 restitutum.
1179 2239 1277 2320 Apud

72 2342 254 2424 scriptores
276 2341 405 2408 Atticos
428 2342 537 2424 etqui
559 2360 745 2407 communes
768 2347 928 2409 vocantur
942 2341 1178 2408 nominativum
1202 2344 1275 2408 suh-

16 2507 22 2518 .
73 2446 214 2515 stautivi
236 2447 295 2529 ἔαρ
318 2465 384 2512 non
415 2447 580 2530 contrahi,
611 2452 648 2512 at
670 2445 819 2512 contrahi
842 2464 938 2512 casus
966 2445 1112 2525 ohhquos
1136 2451 1171 2511 et
1193 2446 1277 2512 deri-

73 2556 156 2620 vata
198 2544 313 2638 ἦρος4)
355 2545 411 2639 ἦρι
453 2556 531 2618 cett.
566 2551 709 2639 ἠρττόςῧ)
752 2551 872 2616 docent
908 2555 1040 2618 veteres
1083 2549 1129 2634 (v.
1164 2550 1277 2632 Steph.

74 2659 236 2724 Thesaur.
261 2677 287 2724 s.
312 2659 376 2745 u),
408 2659 505 2725 docet
534 2659 667 2725 Lobeck
698 2657 817 2743 (Elem.
841 2658 877 2723 ΙΙ
898 2658 995 2740 346),
1028 2657 1125 2721 docet
1146 2655 1279 2721 chner

73 2762 183 2848 (Curt.
199 2761 291 2830 Stud.
310 2764 328 2829 Ι
353 2768 381 2847 1,
407 2765 484 2850 189)
508 2765 645 2830 eandem
668 2763 814 2846 regulam
839 2762 932 2843 sequi
954 2761 1234 2847 Hippocratem)

164 2870 248 2954 τρέον
278 2867 411 2954 (Aesch.
435 2870 525 2952 Sept.
550 2871 629 2956 773)
662 2871 721 2949 ζέω
751 2869 834 2951 βδέω
864 2867 1047 2953 (Aristoph.
1076 2868 1162 2932 Plut.
1188 2866 1276 2952 703),

73 2975 179 3059 τρέων
209 2973 342 3059 (Aesch.
373 2974 510 3041 Eumen.
541 2973 621 3059 422)
658 2973 736 3052 ζέων
767 2971 989 3057 (Antiphanes
1020 2971 1115 3053 frgnr.
1146 2971 1226 3051 182,
1257 2973 1278 3035 3

149 3169 169 3228 ¹)
189 3167 275 3232 sloede
294 3186 306 3221 ε
325 3182 360 3220 ex
379 3165 497 3233 simplici
515 3165 602 3219 hahet
627 3164 751 3230 illatum,
779 3170 810 3217 ut
833 3164 935 3229 α’κλετίς
959 3162 1092 3228 δυσκλεής
1117 3175 1167 3227 pro
1194 3162 1278 3227 α’κλής

75 3254 210 3323 &moriem
229 3252 262 3310 cf.
284 3253 400 3318 duouip'c
419 3250 520 3305 Simiae
538 3251 660 3319 (πελέκει
680 3266 705 3307 v.
725 3257 739 3302 6
759 3249 793 3308 cf.
814 3249 926 3305 Lobecll
945 3248 1034 3306 Elem.
1054 3251 1065 3302 Ι
1086 3250 1155 3316 242).
1182 3250 1279 3314 sdxuss

74 3341 142 3398 Hes.
160 3342 277 3409 (adalric
297 3335 431 3406 ὁἍτδης,
449 3356 474 3396 v.
493 3353 565 3392 nunc
583 3337 651 3392 (loll.
673 3343 747 3406 1654,
768 3343 796 3407 23
821 3338 857 3406 gl.
876 3338 940 3391 Hes.
960 3337 1032 3405 fugit
1051 3336 1203 3405 editorem).

148 3431 169 3497 ²)
189 3428 293 3482 Errant
317 3428 351 3482 dc
376 3427 510 3482 Saussure
529 3425 563 3480 de
591 3426 707 3485 ὀευοός
737 3425 861 3495 Syrteme
895 3424 998 3492 primit.
1032 3441 1058 3493 p.
1085 3429 1115 3477 81
1146 3432 1173 3477 et
1205 3423 1279 3477 John

75 3517 151 3585 Bury
170 3514 225 3572 BB.
245 3515 297 3569 vll
318 3519 349 3568 18
369 3513 404 3568 de
423 3515 519 3584 *iestis
537 3513 670 3581 cogitans.
707 3510 748 3568 Cf.
767 3519 919 3583 θέο-φατον.

147 3603 169 3670 ⁸)
189 3602 279 3658 Cauer
298 3602 372 3660 curt.
392 3600 470 3659 Stud.
489 3599 556 3654 Vlll
575 3606 625 3654 260
645 3616 684 3669 aq.
721 3600 926 3668 Wackernagel
950 3599 1008 3655 KZ.
1036 3597 1130 3651 XXIX
1157 3601 1206 3650 138
1232 3597 1279 3665 qui

74 3690 161 3746 aliam
185 3689 397 3759 explicationem
420 3693 513 3743 tentat
537 3703 592 3757 qua
616 3694 710 3742 tamen
730 3690 894 3758 Θούμανττς
920 3687 1107 3758 Θούφραστος
1127 3684 1279 3757 Θούδωρος

76 3778 262 3849 Θούμβροτος
277 3777 428 3849 Θούμορος
441 3776 584 3844 Θούτιμος
603 3775 746 3845 Θούφιλος
759 3789 814 3828 non
832 3773 900 3827 sotis
912 3772 1105 3840 expediuntur.
1125 3800 1156 3809 -
1177 3773 1278 3831 ἔνθεος

75 3865 253 3927 ἐνθουοιᾶζω
273 3884 306 3912 <
324 3863 532 3925 *ἐνθεουσαίζω
551 3860 642 3928 (Plato
661 3861 719 3918 Ion.
739 3860 851 3928 didm?
871 3889 904 3899 -
923 3863 994 3913 λέων
1012 3873 1038 3925 p.
1061 3862 1100 3910 ll.

147 3952 169 4022 ⁴)
186 3952 242 4005 iam
261 3952 288 4008 h.
307 3951 335 4007 h.
355 3951 416 4008 Cer.
435 3956 496 4007 455.
516 3978 547 3987 -
566 3965 590 4002 v.
610 3949 628 4006 l.
648 3972 658 4002 τ
679 3954 720 4005 al.

148 4041 172 4105 ι)
191 4039 260 4094 Rem
288 4038 432 4093 illustrant
458 4035 649 4103 Xenophontis
676 4034 835 4089 Hellenica:
864 4027 927 4105 ἅμα
953 4035 984 4088 δὲ
1010 4035 1048 4103 τῷ
1074 4031 1120 4107 ἦρι
1145 4033 1186 4086 Ill
1205 4039 1235 4102 2,
1254 4041 1279 4092 6.

76 4128 106 4179 ἐκ
126 4126 157 4180 δὲ
178 4127 282 4180 τούτου
302 4125 400 4192 ἐπειδὴ
421 4129 470 4195 ἔαρ
491 4126 635 4195 ὑπέφαινε
658 4123 743 4191 1114,
764 4129 805 4179 1o.
834 4120 921 4181 εὐθὺς
946 4124 1111 4195 ἀρχομένου
1135 4123 1185 4175 τοῦ
1212 4121 1280 4192 ἦρος

74 4213 114 4267 IV
134 4219 158 4282 1,
180 4218 200 4266 l.
239 4208 302 4284 ἅμα
321 4213 352 4267 δὲ
372 4213 409 4282 τῷ
429 4209 474 4287 ἦρι
495 4214 722 4283 ὑποφαινομένῳ
743 4211 765 4264 V
785 4217 814 4279 8,
837 4219 858 4269 1.
896 4214 956 4263 ἐπεὶ
982 4211 1012 4265 δὲ
1038 4211 1070 4264 τὸ
1097 4215 1145 4282 ἔαρ
1172 4213 1278 4279 ὑπέστη

6 4282 17 4301 ⁰
74 4301 144 4368 Va,
163 4306 207 4358 ll.
245 4302 456 4372 ὑποφαίνοντος
476 4300 506 4355 dl
527 4301 615 4355 πτίλον
637 4300 687 4353 τοῦ
712 4296 780 4373 ἦρος
804 4298 879 4368 Vl,
899 4304 940 4356 58.
978 4300 1040 4353 ἐπεὶ
1061 4302 1110 4374 ἔαρ
1137 4300 1279 4371 ὑπέφαινε

75 4387 145 4457 vl,
165 4392 208 4446 oo.
315 4381 328 4391 “

34 4476 39 4485 ”
148 4478 169 4543 ο)
187 4475 222 4529 ln
240 4474 382 4530 Theocriti
406 4475 527 4529 carmina
553 4474 645 4529 dorico
664 4474 758 4528 XVllI
776 4480 808 4527 tl
830 4478 894 4551 ἕαρτ
916 4479 949 4528 39
969 4470 1024 4548 ἦρι.
1046 4503 1077 4512 -
1097 4474 1167 4529 Aliis
1186 4482 1279 4528 tamen

76 4563 200 4617 Doribus
218 4562 261 4616 rel
275 4563 472 4618 nominativum
486 4562 649 4616 contrahere
668 4562 756 4616 licuit:
777 4569 824 4617 aui
844 4569 978 4633 τέτρατον
991 4562 1022 4617 τὸ
1039 4564 1090 4633 sip
1106 4563 1190 4616 Alcm.
1204 4568 1244 4628 16,
1255 4567 1279 4618 3.

1072 4651 1137 4713 11*
