<?xml version="1.0" encoding="UTF-8"?>
<!DOCTYPE html PUBLIC "-//W3C//DTD XHTML 1.0 Transitional//EN"
    "http://www.w3.org/TR/xhtml1/DTD/xhtml1-transitional.dtd">
<html xmlns="http://www.w3.org/1999/xhtml" xml:lang="en" lang="en">
 <head>
  <title>
</title>
<meta http-equiv="Content-Type" content="text/html;charset=utf-8" />
  <meta name='ocr-system' content='tesseract 3.04.00' />
  <meta name='ocr-capabilities' content='ocr_page ocr_carea ocr_par ocr_line ocrx_word'/>
</head>
<body>
  <div class='ocr_page' id='page_1' title='image "./quaestionesepca00schugoog_0392.png"; bbox 0 0 2986 5010; ppageno 0'>
   <div class='ocr_carea' id='block_1_1' title="bbox 574 203 811 266">
    <p class='ocr_par' dir='ltr' id='par_1_1' title="bbox 574 203 811 266">
     <span class='ocr_line' id='line_1_1' title="bbox 574 203 811 266; baseline -0.008 0"><span class='ocrx_word' id='word_1_1' title='bbox 574 203 811 266; x_wconf 75' lang='lat'>-379-</span> 
     </span>
    </p>
   </div>
   <div class='ocr_carea' id='block_1_2' title="bbox 94 389 1296 788">
    <p class='ocr_par' dir='ltr' id='par_1_2' title="bbox 94 389 1296 788">
     <span class='ocr_line' id='line_1_2' title="bbox 94 389 1293 477; baseline -0.002 -19"><span class='ocrx_word' id='word_1_2' title='bbox 94 393 129 458; x_wconf 90' lang='lat' dir='ltr'>X</span> <span class='ocrx_word' id='word_1_3' title='bbox 157 392 231 477; x_wconf 87' lang='grc'><strong>108)</strong></span> <span class='ocrx_word' id='word_1_4' title='bbox 255 411 316 457; x_wconf 89' lang='lat' dir='ltr'><strong>nec</strong></span> <span class='ocrx_word' id='word_1_5' title='bbox 338 392 479 473; x_wconf 88' lang='lat' dir='ltr'><strong>denique</strong></span> <span class='ocrx_word' id='word_1_6' title='bbox 501 391 735 459; x_wconf 79' lang='lat' dir='ltr'><strong>nominativum</strong></span> <span class='ocrx_word' id='word_1_7' title='bbox 759 389 822 469; x_wconf 80' lang='grc' dir='ltr'><strong><em>ὄιες</em></strong></span> <span class='ocrx_word' id='word_1_8' title='bbox 845 392 893 475; x_wconf 88' lang='lat'><strong>(&lt;</strong></span> <span class='ocrx_word' id='word_1_9' title='bbox 917 390 956 457; x_wconf 85' lang='grc' dir='ltr'><strong>*ὅ</strong></span> <span class='ocrx_word' id='word_1_10' title='bbox 956 391 1038 475; x_wconf 65' lang='lat' dir='ltr'><strong>fier)</strong></span> <span class='ocrx_word' id='word_1_11' title='bbox 1069 410 1110 455; x_wconf 91' lang='lat' dir='ltr'><strong>ex</strong></span> <span class='ocrx_word' id='word_1_12' title='bbox 1140 391 1293 473; x_wconf 88' lang='lat' dir='ltr'><strong>genetivo</strong></span> 
     </span>
     <span class='ocr_line' id='line_1_3' title="bbox 98 494 1294 580; baseline -0.002 -19"><span class='ocrx_word' id='word_1_13' title='bbox 98 499 171 562; x_wconf 79' lang='grc' dir='ltr'><em>οἰῶν</em></span> <span class='ocrx_word' id='word_1_14' title='bbox 188 496 236 580; x_wconf 83' lang='grc'><strong>(&lt;</strong></span> <span class='ocrx_word' id='word_1_15' title='bbox 253 497 369 578; x_wconf 73' lang='lat' dir='ltr'><strong>*or&#39;foir</strong></span> <span class='ocrx_word' id='word_1_16' title='bbox 381 528 413 553; x_wconf 91' lang='lat'><strong>&lt;</strong></span> <span class='ocrx_word' id='word_1_17' title='bbox 426 495 538 579; x_wconf 70' lang='lat' dir='ltr'><strong>*rifjoiv</strong></span> <span class='ocrx_word' id='word_1_18' title='bbox 560 496 802 579; x_wconf 75' lang='lat' dir='ltr'>Wackernagel</span> <span class='ocrx_word' id='word_1_19' title='bbox 824 497 891 561; x_wconf 88' lang='lat' dir='ltr'><strong>KZ.</strong></span> <span class='ocrx_word' id='word_1_20' title='bbox 908 497 1040 562; x_wconf 84' lang='lat' dir='ltr'>XXVII</span> <span class='ocrx_word' id='word_1_21' title='bbox 1060 494 1138 580; x_wconf 81' lang='grc'>277)</span> <span class='ocrx_word' id='word_1_22' title='bbox 1154 495 1294 560; x_wconf 75' lang='lat' dir='ltr'><strong>alierum</strong></span> 
     </span>
     <span class='ocr_line' id='line_1_4' title="bbox 97 597 1296 680; baseline -0.001 -16"><span class='ocrx_word' id='word_1_23' title='bbox 97 601 267 680; x_wconf 71' lang='lat' dir='ltr'><strong>rinsuper</strong></span> <span class='ocrx_word' id='word_1_24' title='bbox 287 599 350 665; x_wconf 85' lang='lat' dir='ltr'>sibi</span> <span class='ocrx_word' id='word_1_25' title='bbox 379 599 558 680; x_wconf 80' lang='lat' dir='ltr'><strong>arripuisse</strong></span> <span class='ocrx_word' id='word_1_26' title='bbox 581 599 652 667; x_wconf 85' lang='lat' dir='ltr'><strong>veri</strong></span> <span class='ocrx_word' id='word_1_27' title='bbox 674 598 777 664; x_wconf 89' lang='lat' dir='ltr'><strong>simile</strong></span> <span class='ocrx_word' id='word_1_28' title='bbox 809 603 869 664; x_wconf 89' lang='lat' dir='ltr'><strong>est.</strong></span> <span class='ocrx_word' id='word_1_29' title='bbox 914 600 1077 665; x_wconf 89' lang='lat' dir='ltr'><strong>Medelam</strong></span> <span class='ocrx_word' id='word_1_30' title='bbox 1100 597 1296 663; x_wconf 77' lang='lat' dir='ltr'><strong>monstrabit</strong></span> 
     </span>
     <span class='ocr_line' id='line_1_5' title="bbox 96 701 996 788; baseline 0 -19"><span class='ocrx_word' id='word_1_31' title='bbox 96 703 288 769; x_wconf 80' lang='lat' dir='ltr'><strong>Callimachi</strong></span> <span class='ocrx_word' id='word_1_32' title='bbox 310 721 426 771; x_wconf 89' lang='lat' dir='ltr'><strong>versus</strong></span> <span class='ocrx_word' id='word_1_33' title='bbox 448 704 480 768; x_wconf 94' lang='lat' dir='ltr'><strong>h.</strong></span> <span class='ocrx_word' id='word_1_34' title='bbox 503 704 567 785; x_wconf 89' lang='lat' dir='ltr'><strong>Ap.</strong></span> <span class='ocrx_word' id='word_1_35' title='bbox 590 704 632 768; x_wconf 83' lang='lat'><strong>53</strong></span> <span class='ocrx_word' id='word_1_36' title='bbox 656 701 726 787; x_wconf 91' lang='lat' dir='ltr'><strong>(ubi</strong></span> <span class='ocrx_word' id='word_1_37' title='bbox 748 723 779 771; x_wconf 87' lang='lat' dir='ltr'><strong>v.</strong></span> <span class='ocrx_word' id='word_1_38' title='bbox 803 703 996 788; x_wconf 81' lang='lat' dir='ltr'><strong>Schneider)</strong></span> 
     </span>
    </p>
   </div>
   <div class='ocr_carea' id='block_1_3' title="bbox 323 818 1073 896">
    <p class='ocr_par' dir='ltr' id='par_1_3' title="bbox 323 818 1073 896">
     <span class='ocr_line' id='line_1_6' title="bbox 323 818 1073 896; baseline -0.004 -16"><span class='ocrx_word' id='word_1_39' title='bbox 323 833 392 885; x_wconf 82' lang='grc' dir='ltr'><strong><em>οίιες</em></strong></span> <span class='ocrx_word' id='word_1_40' title='bbox 413 824 474 878; x_wconf 70' lang='grc' dir='ltr'><strong>οὐδ’</strong></span> <span class='ocrx_word' id='word_1_41' title='bbox 494 826 611 886; x_wconf 69' lang='grc' dir='ltr'><strong><em>εἴκαθον,</em></strong></span> <span class='ocrx_word' id='word_1_42' title='bbox 631 822 723 875; x_wconf 77' lang='grc' dir='ltr'><strong><em>πᾶσαν</em></strong></span> <span class='ocrx_word' id='word_1_43' title='bbox 743 823 775 875; x_wconf 74' lang='grc' dir='ltr'><strong>δέ</strong></span> <span class='ocrx_word' id='word_1_44' title='bbox 793 841 842 876; x_wconf 79' lang='grc' dir='ltr'><strong>κεν</strong></span> <span class='ocrx_word' id='word_1_45' title='bbox 861 824 919 877; x_wconf 72' lang='grc' dir='ltr'><strong>εἶεν</strong></span> <span class='ocrx_word' id='word_1_46' title='bbox 939 818 1073 896; x_wconf 67' lang='lat' dir='ltr'><strong>finctores,</strong></span> 
     </span>
    </p>
   </div>
   <div class='ocr_carea' id='block_1_4' title="bbox 24 927 1294 2361">
    <p class='ocr_par' dir='ltr' id='par_1_4' title="bbox 24 927 1294 2361">
     <span class='ocr_line' id='line_1_7' title="bbox 96 927 1292 1009; baseline -0.007 -9"><span class='ocrx_word' id='word_1_47' title='bbox 96 935 269 1000; x_wconf 93' lang='lat' dir='ltr'><strong>dummodo</strong></span> <span class='ocrx_word' id='word_1_48' title='bbox 293 935 335 998; x_wconf 91' lang='lat' dir='ltr'><strong>ab</strong></span> <span class='ocrx_word' id='word_1_49' title='bbox 356 929 574 997; x_wconf 85' lang='lat' dir='ltr'><strong>imitatoribus</strong></span> <span class='ocrx_word' id='word_1_50' title='bbox 602 945 762 1009; x_wconf 83' lang='lat' dir='ltr'><strong>persaepe</strong></span> <span class='ocrx_word' id='word_1_51' title='bbox 788 929 949 994; x_wconf 87' lang='lat' dir='ltr'><strong>voeabula</strong></span> <span class='ocrx_word' id='word_1_52' title='bbox 972 947 1012 993; x_wconf 88' lang='lat' dir='ltr'><strong>ex</strong></span> <span class='ocrx_word' id='word_1_53' title='bbox 1035 927 1178 992; x_wconf 85' lang='lat' dir='ltr'><strong>carmine</strong></span> <span class='ocrx_word' id='word_1_54' title='bbox 1201 932 1292 993; x_wconf 88' lang='lat' dir='ltr'><strong>vetu-</strong></span> 
     </span>
     <span class='ocr_line' id='line_1_8' title="bbox 96 1031 1294 1117; baseline -0.007 -14"><span class='ocrx_word' id='word_1_55' title='bbox 96 1038 198 1103; x_wconf 87' lang='lat' dir='ltr'><strong>stiore</strong></span> <span class='ocrx_word' id='word_1_56' title='bbox 228 1037 402 1117; x_wconf 85' lang='lat' dir='ltr'><strong>desumpta</strong></span> <span class='ocrx_word' id='word_1_57' title='bbox 431 1034 464 1099; x_wconf 91' lang='lat' dir='ltr'><strong>in</strong></span> <span class='ocrx_word' id='word_1_58' title='bbox 495 1033 609 1098; x_wconf 90' lang='lat' dir='ltr'><strong>eadem</strong></span> <span class='ocrx_word' id='word_1_59' title='bbox 640 1049 757 1098; x_wconf 86' lang='lat' dir='ltr'><strong>versus</strong></span> <span class='ocrx_word' id='word_1_60' title='bbox 787 1032 865 1096; x_wconf 91' lang='lat' dir='ltr'><strong>sede</strong></span> <span class='ocrx_word' id='word_1_61' title='bbox 895 1032 988 1098; x_wconf 87' lang='lat' dir='ltr'><strong>velut</strong></span> <span class='ocrx_word' id='word_1_62' title='bbox 1016 1031 1125 1096; x_wconf 90' lang='lat' dir='ltr'><strong>insciis</strong></span> <span class='ocrx_word' id='word_1_63' title='bbox 1155 1031 1294 1111; x_wconf 87' lang='lat' dir='ltr'><strong>relinqui</strong></span> 
     </span>
     <span class='ocr_line' id='line_1_9' title="bbox 95 1133 1294 1207; baseline -0.007 0"><span class='ocrx_word' id='word_1_64' title='bbox 95 1142 281 1207; x_wconf 89' lang='lat' dir='ltr'><strong>memineris</strong></span> <span class='ocrx_word' id='word_1_65' title='bbox 297 1147 331 1205; x_wconf 91' lang='lat' dir='ltr'><strong>et</strong></span> <span class='ocrx_word' id='word_1_66' title='bbox 351 1141 524 1207; x_wconf 89' lang='lat' dir='ltr'><strong>verborum</strong></span> <span class='ocrx_word' id='word_1_67' title='bbox 548 1137 792 1203; x_wconf 87' lang='lat' dir='ltr'><strong>collocationem</strong></span> <span class='ocrx_word' id='word_1_68' title='bbox 820 1154 840 1200; x_wconf 92' lang='lat' dir='ltr'><strong>a</strong></span> <span class='ocrx_word' id='word_1_69' title='bbox 863 1135 1035 1201; x_wconf 87' lang='lat' dir='ltr'><strong>cuiuslibet</strong></span> <span class='ocrx_word' id='word_1_70' title='bbox 1057 1134 1132 1201; x_wconf 90' lang='lat' dir='ltr'><strong>aevi</strong></span> <span class='ocrx_word' id='word_1_71' title='bbox 1152 1133 1294 1200; x_wconf 86' lang='lat' dir='ltr'><strong>librariis</strong></span> 
     </span>
     <span class='ocr_line' id='line_1_10' title="bbox 24 1237 1293 1320; baseline -0.007 -9"><span class='ocrx_word' id='word_1_72' title='bbox 24 1305 27 1310; x_wconf 83' lang='lat'><strong>.</strong></span> <span class='ocrx_word' id='word_1_73' title='bbox 95 1245 185 1311; x_wconf 92' lang='lat' dir='ltr'><strong>haud</strong></span> <span class='ocrx_word' id='word_1_74' title='bbox 210 1263 286 1310; x_wconf 89' lang='lat' dir='ltr'><strong>raro</strong></span> <span class='ocrx_word' id='word_1_75' title='bbox 309 1242 436 1308; x_wconf 90' lang='lat' dir='ltr'><strong>turbari</strong></span> <span class='ocrx_word' id='word_1_76' title='bbox 458 1240 669 1307; x_wconf 83' lang='lat' dir='ltr'><strong>intellexeris.</strong></span> <span class='ocrx_word' id='word_1_77' title='bbox 715 1239 801 1305; x_wconf 88' lang='lat' dir='ltr'><strong>lllud</strong></span> <span class='ocrx_word' id='word_1_78' title='bbox 824 1239 981 1320; x_wconf 88' lang='lat' dir='ltr'><strong>exemplis</strong></span> <span class='ocrx_word' id='word_1_79' title='bbox 1008 1239 1157 1319; x_wconf 88' lang='lat' dir='ltr'><strong>quamvis</strong></span> <span class='ocrx_word' id='word_1_80' title='bbox 1180 1237 1293 1320; x_wconf 88' lang='lat' dir='ltr'><strong>paucis</strong></span> 
     </span>
     <span class='ocr_line' id='line_1_11' title="bbox 94 1344 1292 1430; baseline -0.007 -15"><span class='ocrx_word' id='word_1_81' title='bbox 94 1350 262 1415; x_wconf 89' lang='lat' dir='ltr'><strong>illustrare</strong></span> <span class='ocrx_word' id='word_1_82' title='bbox 285 1368 303 1413; x_wconf 92' lang='lat' dir='ltr'><strong>e</strong></span> <span class='ocrx_word' id='word_1_83' title='bbox 325 1367 362 1412; x_wconf 92' lang='lat' dir='ltr'><strong>re</strong></span> <span class='ocrx_word' id='word_1_84' title='bbox 392 1346 498 1413; x_wconf 86' lang='lat' dir='ltr'><strong>visum</strong></span> <span class='ocrx_word' id='word_1_85' title='bbox 530 1350 590 1410; x_wconf 89' lang='lat' dir='ltr'><strong>est.</strong></span> <span class='ocrx_word' id='word_1_86' title='bbox 640 1348 657 1424; x_wconf 86' lang='grc' dir='ltr'>ζ</span> <span class='ocrx_word' id='word_1_87' title='bbox 686 1347 729 1410; x_wconf 82' lang='grc'><strong>45</strong></span> <span class='ocrx_word' id='word_1_88' title='bbox 760 1344 852 1430; x_wconf 69' lang='grc' dir='ltr'><strong><em>λευκὴ</em></strong></span> <span class='ocrx_word' id='word_1_89' title='bbox 890 1344 918 1408; x_wconf 83' lang='grc' dir='ltr'><strong>δ’</strong></span> <span class='ocrx_word' id='word_1_90' title='bbox 949 1347 1157 1428; x_wconf 75' lang='grc' dir='ltr'><em>ἐπιδέδρομεν</em></span> <span class='ocrx_word' id='word_1_91' title='bbox 1188 1344 1292 1428; x_wconf 66' lang='grc' dir='ltr'><strong><em>αἴγλη,</em></strong></span> 
     </span>
     <span class='ocr_line' id='line_1_12' title="bbox 95 1447 1292 1536; baseline -0.006 -18"><span class='ocrx_word' id='word_1_92' title='bbox 95 1482 114 1518; x_wconf 89' lang='lat' dir='ltr'><strong><em>v</em></strong></span> <span class='ocrx_word' id='word_1_93' title='bbox 147 1456 210 1518; x_wconf 75' lang='grc'><strong>357</strong></span> <span class='ocrx_word' id='word_1_94' title='bbox 246 1450 324 1536; x_wconf 70' lang='grc' dir='ltr'><strong><em>κακὴ</em></strong></span> <span class='ocrx_word' id='word_1_95' title='bbox 363 1450 393 1513; x_wconf 79' lang='grc' dir='ltr'><strong>δ’</strong></span> <span class='ocrx_word' id='word_1_96' title='bbox 425 1450 635 1532; x_wconf 73' lang='grc' dir='ltr'><em>ἐπιδέδρομεν</em></span> <span class='ocrx_word' id='word_1_97' title='bbox 669 1448 768 1531; x_wconf 78' lang='grc' dir='ltr'><em>ἀχλύς</em></span> <span class='ocrx_word' id='word_1_98' title='bbox 798 1483 822 1499; x_wconf 54' lang='lat' dir='ltr'><em>w</em></span> <span class='ocrx_word' id='word_1_99' title='bbox 852 1449 986 1530; x_wconf 84' lang='lat' dir='ltr'><strong>DionyS.</strong></span> <span class='ocrx_word' id='word_1_100' title='bbox 1018 1447 1176 1529; x_wconf 76' lang='lat' dir='ltr'><strong>perieget.</strong></span> <span class='ocrx_word' id='word_1_101' title='bbox 1209 1447 1292 1511; x_wconf 78' lang='grc'><strong>1092</strong></span> 
     </span>
     <span class='ocr_line' id='line_1_13' title="bbox 94 1549 1292 1641; baseline -0.008 -19"><span class='ocrx_word' id='word_1_102' title='bbox 94 1559 199 1641; x_wconf 76' lang='grc' dir='ltr'><em>μέσην</em></span> <span class='ocrx_word' id='word_1_103' title='bbox 223 1557 251 1620; x_wconf 79' lang='grc' dir='ltr'><strong>δ’</strong></span> <span class='ocrx_word' id='word_1_104' title='bbox 274 1556 463 1637; x_wconf 71' lang='grc' dir='ltr'><em>ἐπιδέδρομε</em></span> <span class='ocrx_word' id='word_1_105' title='bbox 487 1558 595 1638; x_wconf 77' lang='grc' dir='ltr'><em>νῆσον.</em></span> <span class='ocrx_word' id='word_1_106' title='bbox 638 1552 788 1633; x_wconf 82' lang='lat' dir='ltr'><strong>Apollon.</strong></span> <span class='ocrx_word' id='word_1_107' title='bbox 814 1553 918 1617; x_wconf 86' lang='lat' dir='ltr'><strong>Rhod.</strong></span> <span class='ocrx_word' id='word_1_108' title='bbox 939 1552 974 1616; x_wconf 93' lang='grc' dir='ltr'>Π</span> <span class='ocrx_word' id='word_1_109' title='bbox 1001 1553 1082 1616; x_wconf 76' lang='grc'><strong>1277</strong></span> <span class='ocrx_word' id='word_1_110' title='bbox 1100 1570 1147 1631; x_wconf 86' lang='lat' dir='ltr'><strong>sq.</strong></span> <span class='ocrx_word' id='word_1_111' title='bbox 1173 1549 1292 1635; x_wconf 74' lang='grc' dir='ltr'><strong><em>ῥέεθρα</em></strong></span> 
     </span>
     <span class='ocr_line' id='line_1_14' title="bbox 97 1655 1292 1749; baseline -0.001 -22"><span class='ocrx_word' id='word_1_112' title='bbox 97 1660 101 1749; x_wconf 72' lang='lat' dir='ltr'><strong>l</strong></span> <span class='ocrx_word' id='word_1_113' title='bbox 129 1661 273 1737; x_wconf 78' lang='grc' dir='ltr'><strong><em>Φάσιδος</em></strong></span> <span class='ocrx_word' id='word_1_114' title='bbox 309 1695 332 1711; x_wconf 50' lang='grc' dir='ltr'><em>κ</em></span> <span class='ocrx_word' id='word_1_115' title='bbox 367 1658 484 1724; x_wconf 82' lang='lat' dir='ltr'><strong>Catuli.</strong></span> <span class='ocrx_word' id='word_1_116' title='bbox 516 1659 574 1738; x_wconf 88' lang='grc'><strong>64,</strong></span> <span class='ocrx_word' id='word_1_117' title='bbox 606 1659 626 1722; x_wconf 89' lang='grc'>3</span> <span class='ocrx_word' id='word_1_118' title='bbox 658 1656 828 1721; x_wconf 85' lang='lat' dir='ltr'><strong>‘Phasidos</strong></span> <span class='ocrx_word' id='word_1_119' title='bbox 861 1657 904 1722; x_wconf 89' lang='lat' dir='ltr'><strong>ad</strong></span> <span class='ocrx_word' id='word_1_120' title='bbox 933 1657 1060 1722; x_wconf 88' lang='lat' dir='ltr'><strong>fluctus&#39;</strong></span> <span class='ocrx_word' id='word_1_121' title='bbox 1092 1656 1149 1740; x_wconf 86' lang='lat' dir='ltr'><strong>(in.</strong></span> <span class='ocrx_word' id='word_1_122' title='bbox 1180 1655 1292 1740; x_wconf 84' lang='lat' dir='ltr'><strong>vers).</strong></span> 
     </span>
     <span class='ocr_line' id='line_1_15' title="bbox 96 1760 1292 1842; baseline -0.003 -11"><span class='ocrx_word' id='word_1_123' title='bbox 96 1765 314 1831; x_wconf 83' lang='lat' dir='ltr'><strong>Calhmachus</strong></span> <span class='ocrx_word' id='word_1_124' title='bbox 342 1762 485 1827; x_wconf 83' lang='lat' dir='ltr'><strong>-formam</strong></span> <span class='ocrx_word' id='word_1_125' title='bbox 516 1760 599 1826; x_wconf 89' lang='lat' dir='ltr'><strong>mira</strong></span> <span class='ocrx_word' id='word_1_126' title='bbox 631 1760 758 1826; x_wconf 89' lang='lat' dir='ltr'><strong>ratione</strong></span> <span class='ocrx_word' id='word_1_127' title='bbox 789 1767 920 1826; x_wconf 84' lang='lat' dir='ltr'><strong>auctam</strong></span> <span class='ocrx_word' id='word_1_128' title='bbox 949 1760 1025 1838; x_wconf 80' lang='grc' dir='ltr'><strong><em>οίιες</em></strong></span> <span class='ocrx_word' id='word_1_129' title='bbox 1054 1762 1167 1842; x_wconf 91' lang='lat' dir='ltr'><strong>procul</strong></span> <span class='ocrx_word' id='word_1_130' title='bbox 1196 1762 1292 1828; x_wconf 92' lang='lat' dir='ltr'><strong>dubio</strong></span> 
     </span>
     <span class='ocr_line' id='line_1_16' title="bbox 95 1864 1292 1947; baseline -0.003 -13"><span class='ocrx_word' id='word_1_131' title='bbox 95 1868 231 1934; x_wconf 89' lang='lat' dir='ltr'><strong>Homeri</strong></span> <span class='ocrx_word' id='word_1_132' title='bbox 252 1866 384 1932; x_wconf 90' lang='lat' dir='ltr'><strong>lectioni</strong></span> <span class='ocrx_word' id='word_1_133' title='bbox 407 1871 576 1947; x_wconf 86' lang='lat' dir='ltr'><strong>acceptam</strong></span> <span class='ocrx_word' id='word_1_134' title='bbox 602 1864 721 1947; x_wconf 87' lang='lat' dir='ltr'><strong>refert;</strong></span> <span class='ocrx_word' id='word_1_135' title='bbox 758 1884 855 1946; x_wconf 90' lang='lat' dir='ltr'><strong>quam</strong></span> <span class='ocrx_word' id='word_1_136' title='bbox 883 1870 921 1930; x_wconf 93' lang='lat' dir='ltr'><strong>ut</strong></span> <span class='ocrx_word' id='word_1_137' title='bbox 948 1864 1019 1946; x_wconf 90' lang='lat' dir='ltr'><strong>ipso</strong></span> <span class='ocrx_word' id='word_1_138' title='bbox 1054 1884 1170 1932; x_wconf 88' lang='lat' dir='ltr'><strong>versus</strong></span> <span class='ocrx_word' id='word_1_139' title='bbox 1200 1866 1292 1931; x_wconf 91' lang='lat' dir='ltr'><strong>initio</strong></span> 
     </span>
     <span class='ocr_line' id='line_1_17' title="bbox 96 1969 1292 2051; baseline -0.003 -14"><span class='ocrx_word' id='word_1_140' title='bbox 96 1971 284 2051; x_wconf 84' lang='lat' dir='ltr'><strong>adhiberet,</strong></span> <span class='ocrx_word' id='word_1_141' title='bbox 315 1969 457 2034; x_wconf 87' lang='lat' dir='ltr'><strong>fortasse</strong></span> <span class='ocrx_word' id='word_1_142' title='bbox 480 1987 545 2034; x_wconf 95' lang='lat' dir='ltr'><strong>non</strong></span> <span class='ocrx_word' id='word_1_143' title='bbox 575 1989 664 2034; x_wconf 91' lang='lat' dir='ltr'><strong>mero</strong></span> <span class='ocrx_word' id='word_1_144' title='bbox 688 1988 784 2049; x_wconf 85' lang='lat' dir='ltr'><strong>casu,</strong></span> <span class='ocrx_word' id='word_1_145' title='bbox 816 1969 874 2033; x_wconf 88' lang='lat' dir='ltr'><strong>sed</strong></span> <span class='ocrx_word' id='word_1_146' title='bbox 904 1969 1014 2049; x_wconf 90' lang='lat' dir='ltr'><strong>aliqua</strong></span> <span class='ocrx_word' id='word_1_147' title='bbox 1042 1969 1106 2034; x_wconf 89' lang='lat' dir='ltr'><strong>loci</strong></span> <span class='ocrx_word' id='word_1_148' title='bbox 1128 1969 1292 2035; x_wconf 83' lang='lat' dir='ltr'><strong>Homerici</strong></span> 
     </span>
     <span class='ocr_line' id='line_1_18' title="bbox 94 2070 1292 2162; baseline -0.003 -22"><span class='ocrx_word' id='word_1_149' title='bbox 94 2074 323 2141; x_wconf 88' lang='lat' dir='ltr'><strong>recordatione</strong></span> <span class='ocrx_word' id='word_1_150' title='bbox 345 2073 467 2139; x_wconf 88' lang='lat' dir='ltr'><strong>factum</strong></span> <span class='ocrx_word' id='word_1_151' title='bbox 491 2077 543 2138; x_wconf 86' lang='lat' dir='ltr'><strong>¹est</strong></span> <span class='ocrx_word' id='word_1_152' title='bbox 566 2073 620 2158; x_wconf 89' lang='lat' dir='ltr'><strong>(of.</strong></span> <span class='ocrx_word' id='word_1_153' title='bbox 645 2073 731 2154; x_wconf 84' lang='lat' dir='ltr'><strong>quod</strong></span> <span class='ocrx_word' id='word_1_154' title='bbox 753 2072 840 2137; x_wconf 83' lang='lat' dir='ltr'><strong>infra</strong></span> <span class='ocrx_word' id='word_1_155' title='bbox 862 2072 903 2136; x_wconf 92' lang='lat' dir='ltr'><strong>de</strong></span> <span class='ocrx_word' id='word_1_156' title='bbox 926 2073 1054 2136; x_wconf 90' lang='grc' dir='ltr'><strong><em>κειάται</em></strong></span> <span class='ocrx_word' id='word_1_157' title='bbox 1074 2070 1180 2160; x_wconf 53' lang='lat' dir='ltr'><strong>invest</strong></span> <span class='ocrx_word' id='word_1_158' title='bbox 1203 2070 1292 2162; x_wconf 67' lang='grc' dir='ltr'><strong><em>ἇείδῃ</em></strong></span> 
     </span>
     <span class='ocr_line' id='line_1_19' title="bbox 94 2175 1291 2261; baseline -0.002 -18"><span class='ocrx_word' id='word_1_159' title='bbox 94 2177 319 2261; x_wconf 82' lang='lat' dir='ltr'><strong>exponemus),</strong></span> <span class='ocrx_word' id='word_1_160' title='bbox 343 2195 437 2257; x_wconf 92' lang='lat' dir='ltr'><strong>quem</strong></span> <span class='ocrx_word' id='word_1_161' title='bbox 460 2176 495 2241; x_wconf 92' lang='lat' dir='ltr'><strong>in</strong></span> <span class='ocrx_word' id='word_1_162' title='bbox 517 2182 635 2257; x_wconf 88' lang='lat' dir='ltr'><strong>poetae</strong></span> <span class='ocrx_word' id='word_1_163' title='bbox 658 2175 873 2240; x_wconf 83' lang='lat' dir='ltr'><strong>Alexandrini</strong></span> <span class='ocrx_word' id='word_1_164' title='bbox 904 2175 1082 2257; x_wconf 86' lang='lat' dir='ltr'><strong>exemplari</strong></span> <span class='ocrx_word' id='word_1_165' title='bbox 1109 2175 1155 2242; x_wconf 89' lang='lat' dir='ltr'><strong>sic</strong></span> <span class='ocrx_word' id='word_1_166' title='bbox 1178 2176 1291 2242; x_wconf 91' lang='lat' dir='ltr'><strong>decur-</strong></span> 
     </span>
     <span class='ocr_line' id='line_1_20' title="bbox 94 2299 365 2361; baseline -0.011 -14"><span class='ocrx_word' id='word_1_167' title='bbox 94 2300 178 2347; x_wconf 88' lang='lat' dir='ltr'><strong>msse</strong></span> <span class='ocrx_word' id='word_1_168' title='bbox 201 2299 365 2361; x_wconf 82' lang='lat' dir='ltr'><strong>susplcor:</strong></span> 
     </span>
    </p>
   </div>
   <div class='ocr_carea' id='block_1_5' title="bbox 358 2397 1022 2469">
    <p class='ocr_par' dir='ltr' id='par_1_5' title="bbox 358 2397 1022 2469">
     <span class='ocr_line' id='line_1_21' title="bbox 358 2397 1022 2469; baseline 0.003 -17"><span class='ocrx_word' id='word_1_169' title='bbox 358 2407 427 2459; x_wconf 73' lang='grc' dir='ltr'><strong><em>οίιες</em></strong></span> <span class='ocrx_word' id='word_1_170' title='bbox 446 2403 565 2468; x_wconf 74' lang='grc' dir='ltr'><em>ἄρσενες</em></span> <span class='ocrx_word' id='word_1_171' title='bbox 585 2397 655 2463; x_wconf 71' lang='grc' dir='ltr'><strong><em>ἦσαν</em></strong></span> <span class='ocrx_word' id='word_1_172' title='bbox 675 2403 821 2469; x_wconf 66' lang='grc' dir='ltr'><strong><em>ἐυτρεφέες</em></strong></span> <span class='ocrx_word' id='word_1_173' title='bbox 842 2401 1022 2468; x_wconf 69' lang='grc' dir='ltr'><em>δασύμαλλοι.</em></span> 
     </span>
    </p>
   </div>
   <div class='ocr_carea' id='block_1_6' title="bbox 92 2503 1292 3843">
    <p class='ocr_par' dir='ltr' id='par_1_6' title="bbox 92 2503 1292 3008">
     <span class='ocr_line' id='line_1_22' title="bbox 93 2503 1291 2591; baseline 0.002 -20"><span class='ocrx_word' id='word_1_174' title='bbox 93 2507 145 2571; x_wconf 92' lang='lat' dir='ltr'><strong>De</strong></span> <span class='ocrx_word' id='word_1_175' title='bbox 174 2506 338 2570; x_wconf 91' lang='lat' dir='ltr'><strong>nominum</strong></span> <span class='ocrx_word' id='word_1_176' title='bbox 373 2505 487 2570; x_wconf 92' lang='lat' dir='ltr'><strong>ordine</strong></span> <span class='ocrx_word' id='word_1_177' title='bbox 517 2503 657 2569; x_wconf 87' lang='lat' dir='ltr'><strong>conferri</strong></span> <span class='ocrx_word' id='word_1_178' title='bbox 687 2504 781 2569; x_wconf 91' lang='lat' dir='ltr'><strong>iubeo</strong></span> <span class='ocrx_word' id='word_1_179' title='bbox 818 2509 930 2571; x_wconf 70' lang='lat' dir='ltr'><strong>ureb</strong></span> <span class='ocrx_word' id='word_1_180' title='bbox 956 2506 1037 2588; x_wconf 65' lang='grc' dir='ltr'><strong><em>βόας</em></strong></span> <span class='ocrx_word' id='word_1_181' title='bbox 1060 2511 1215 2591; x_wconf 81' lang='grc' dir='ltr'><strong>ἄρσενας,</strong></span> <span class='ocrx_word' id='word_1_182' title='bbox 1250 2509 1291 2574; x_wconf 92' lang='lat' dir='ltr'><strong>de</strong></span> 
     </span>
     <span class='ocr_line' id='line_1_23' title="bbox 94 2608 1292 2690; baseline 0.003 -16"><span class='ocrx_word' id='word_1_183' title='bbox 94 2610 281 2690; x_wconf 87' lang='lat' dir='ltr'><strong>corruptela</strong></span> <span class='ocrx_word' id='word_1_184' title='bbox 316 2629 380 2689; x_wconf 85' lang='lat' dir='ltr'><strong>qua</strong></span> <span class='ocrx_word' id='word_1_185' title='bbox 411 2628 526 2675; x_wconf 87' lang='lat' dir='ltr'><strong>versus</strong></span> <span class='ocrx_word' id='word_1_186' title='bbox 557 2608 751 2689; x_wconf 85' lang='lat' dir='ltr'><strong>principium</strong></span> <span class='ocrx_word' id='word_1_187' title='bbox 781 2609 814 2674; x_wconf 94' lang='lat' dir='ltr'><strong>in</strong></span> <span class='ocrx_word' id='word_1_188' title='bbox 848 2610 940 2676; x_wconf 89' lang='lat' dir='ltr'><strong>libris</strong></span> <span class='ocrx_word' id='word_1_189' title='bbox 971 2612 1120 2677; x_wconf 87' lang='lat' dir='ltr'><strong>affectum</strong></span> <span class='ocrx_word' id='word_1_190' title='bbox 1151 2611 1292 2677; x_wconf 91' lang='lat' dir='ltr'><strong>arbitror</strong></span> 
     </span>
     <span class='ocr_line' id='line_1_24' title="bbox 95 2706 1291 2800; baseline 0.003 -23"><span class='ocrx_word' id='word_1_191' title='bbox 95 2742 112 2797; x_wconf 89' lang='grc' dir='ltr'><em>ρ</em></span> <span class='ocrx_word' id='word_1_192' title='bbox 141 2715 204 2778; x_wconf 84' lang='grc'><strong>343</strong></span> <span class='ocrx_word' id='word_1_193' title='bbox 233 2713 287 2779; x_wconf 86' lang='lat' dir='ltr'><strong>ubi</strong></span> <span class='ocrx_word' id='word_1_194' title='bbox 318 2718 352 2778; x_wconf 81' lang='lat' dir='ltr'><strong>et</strong></span> <span class='ocrx_word' id='word_1_195' title='bbox 382 2712 481 2795; x_wconf 74' lang='grc' dir='ltr'><em>ἄρτον</em></span> <span class='ocrx_word' id='word_1_196' title='bbox 504 2712 556 2795; x_wconf 81' lang='grc' dir='ltr'><strong><em>(τ’)</em></strong></span> <span class='ocrx_word' id='word_1_197' title='bbox 581 2706 674 2777; x_wconf 78' lang='grc' dir='ltr'><em>οὖλον</em></span> <span class='ocrx_word' id='word_1_198' title='bbox 702 2719 736 2778; x_wconf 79' lang='lat' dir='ltr'><strong>et</strong></span> <span class='ocrx_word' id='word_1_199' title='bbox 771 2707 865 2779; x_wconf 78' lang='grc' dir='ltr'><em>οὖλον</em></span> <span class='ocrx_word' id='word_1_200' title='bbox 892 2714 991 2800; x_wconf 73' lang='grc' dir='ltr'><em>ἄρτον</em></span> <span class='ocrx_word' id='word_1_201' title='bbox 1014 2717 1165 2782; x_wconf 77' lang='lat' dir='ltr'><strong>traditur.</strong></span> <span class='ocrx_word' id='word_1_202' title='bbox 1215 2717 1291 2794; x_wconf 79' lang='grc' dir='ltr'><strong><em>οἴιες</em></strong></span> 
     </span>
     <span class='ocr_line' id='line_1_25' title="bbox 92 2817 1291 2903; baseline 0.004 -21"><span class='ocrx_word' id='word_1_203' title='bbox 92 2818 199 2883; x_wconf 80' lang='lat' dir='ltr'><strong>forma</strong></span> <span class='ocrx_word' id='word_1_204' title='bbox 221 2836 394 2898; x_wconf 89' lang='lat' dir='ltr'><strong>perperam</strong></span> <span class='ocrx_word' id='word_1_205' title='bbox 417 2817 576 2882; x_wconf 87' lang='lat' dir='ltr'><strong>distracta</strong></span> <span class='ocrx_word' id='word_1_206' title='bbox 585 2817 609 2901; x_wconf 85' lang='lat'><strong>¹)</strong></span> <span class='ocrx_word' id='word_1_207' title='bbox 639 2817 866 2885; x_wconf 87' lang='lat' dir='ltr'><strong>insinuaverat</strong></span> <span class='ocrx_word' id='word_1_208' title='bbox 887 2820 920 2884; x_wconf 89' lang='lat' dir='ltr'><strong>in</strong></span> <span class='ocrx_word' id='word_1_209' title='bbox 943 2821 1076 2903; x_wconf 84' lang='lat' dir='ltr'><strong>genuini</strong></span> <span class='ocrx_word' id='word_1_210' title='bbox 1100 2820 1163 2899; x_wconf 82' lang='grc' dir='ltr'><strong><em>ὅιες</em></strong></span> <span class='ocrx_word' id='word_1_211' title='bbox 1185 2823 1291 2887; x_wconf 93' lang='lat' dir='ltr'><strong>locum</strong></span> 
     </span>
     <span class='ocr_line' id='line_1_26' title="bbox 93 2920 1130 3008; baseline 0.003 -21"><span class='ocrx_word' id='word_1_212' title='bbox 93 2941 157 3002; x_wconf 90' lang='lat' dir='ltr'><strong>quo</strong></span> <span class='ocrx_word' id='word_1_213' title='bbox 180 2921 332 2985; x_wconf 88' lang='lat' dir='ltr'><strong>restituto</strong></span> <span class='ocrx_word' id='word_1_214' title='bbox 355 2940 475 2987; x_wconf 88' lang='lat' dir='ltr'><strong>novum</strong></span> <span class='ocrx_word' id='word_1_215' title='bbox 500 2920 663 3008; x_wconf 78' lang='grc' dir='ltr'><strong>ἀκεφάλου</strong></span> <span class='ocrx_word' id='word_1_216' title='bbox 686 2924 868 3004; x_wconf 89' lang='lat' dir='ltr'><strong>exemplum</strong></span> <span class='ocrx_word' id='word_1_217' title='bbox 891 2944 1130 3007; x_wconf 90' lang='lat' dir='ltr'><strong>recuperamus.</strong></span> 
     </span>
    </p>

    <p class='ocr_par' dir='ltr' id='par_1_7' title="bbox 93 3023 1292 3843">
     <span class='ocr_line' id='line_1_27' title="bbox 182 3023 1292 3114; baseline 0.008 -27"><span class='ocrx_word' id='word_1_218' title='bbox 182 3025 307 3088; x_wconf 86' lang='grc' dir='ltr'><strong><em>κείαται</em></strong></span> <span class='ocrx_word' id='word_1_219' title='bbox 331 3025 441 3088; x_wconf 84' lang='grc' dir='ltr'><strong><em>κείατο</em></strong></span> <span class='ocrx_word' id='word_1_220' title='bbox 464 3043 530 3088; x_wconf 93' lang='lat' dir='ltr'><strong>non</strong></span> <span class='ocrx_word' id='word_1_221' title='bbox 545 3023 719 3105; x_wconf 88' lang='lat' dir='ltr'><strong>primarias</strong></span> <span class='ocrx_word' id='word_1_222' title='bbox 743 3045 815 3090; x_wconf 86' lang='lat' dir='ltr'><strong>esse</strong></span> <span class='ocrx_word' id='word_1_223' title='bbox 838 3027 969 3109; x_wconf 87' lang='lat' dir='ltr'><strong>formas,</strong></span> <span class='ocrx_word' id='word_1_224' title='bbox 994 3030 1052 3094; x_wconf 89' lang='lat' dir='ltr'><strong>sed</strong></span> <span class='ocrx_word' id='word_1_225' title='bbox 1075 3048 1116 3095; x_wconf 88' lang='lat' dir='ltr'><strong>ex</strong></span> <span class='ocrx_word' id='word_1_226' title='bbox 1139 3032 1292 3114; x_wconf 81' lang='lat' dir='ltr'><strong>analogia</strong></span> 
     </span>
     <span class='ocr_line' id='line_1_28' title="bbox 95 3129 1292 3214; baseline 0.006 -21"><span class='ocrx_word' id='word_1_227' title='bbox 95 3129 224 3193; x_wconf 90' lang='lat' dir='ltr'><strong>demum</strong></span> <span class='ocrx_word' id='word_1_228' title='bbox 258 3132 441 3193; x_wconf 89' lang='lat' dir='ltr'><strong>ceterarum</strong></span> <span class='ocrx_word' id='word_1_229' title='bbox 472 3141 580 3208; x_wconf 80' lang='grc' dir='ltr'><strong><em>κεῖμαι</em></strong></span> <span class='ocrx_word' id='word_1_230' title='bbox 609 3141 710 3193; x_wconf 86' lang='grc' dir='ltr'><strong><em>κεῖται</em></strong></span> <span class='ocrx_word' id='word_1_231' title='bbox 742 3140 852 3195; x_wconf 73' lang='grc' dir='ltr'><strong><em>κεῖσθε</em></strong></span> <span class='ocrx_word' id='word_1_232' title='bbox 877 3132 953 3197; x_wconf 90' lang='lat' dir='ltr'><strong>oriri</strong></span> <span class='ocrx_word' id='word_1_233' title='bbox 982 3134 1128 3214; x_wconf 86' lang='lat' dir='ltr'><strong>potuisse</strong></span> <span class='ocrx_word' id='word_1_234' title='bbox 1151 3163 1163 3199; x_wconf 89' lang='grc' dir='ltr'><strong><em>ι</em></strong></span> <span class='ocrx_word' id='word_1_235' title='bbox 1186 3136 1292 3202; x_wconf 88' lang='lat' dir='ltr'><strong>vocali</strong></span> 
     </span>
     <span class='ocr_line' id='line_1_29' title="bbox 95 3232 1292 3313; baseline 0.006 -17"><span class='ocrx_word' id='word_1_236' title='bbox 95 3232 202 3297; x_wconf 93' lang='lat' dir='ltr'><strong>denuo</strong></span> <span class='ocrx_word' id='word_1_237' title='bbox 232 3232 358 3297; x_wconf 88' lang='lat' dir='ltr'><strong>inserta</strong></span> <span class='ocrx_word' id='word_1_238' title='bbox 387 3251 473 3297; x_wconf 91' lang='lat' dir='ltr'><strong>nuuc</strong></span> <span class='ocrx_word' id='word_1_239' title='bbox 501 3232 590 3297; x_wconf 90' lang='lat' dir='ltr'><strong>inter</strong></span> <span class='ocrx_word' id='word_1_240' title='bbox 620 3232 833 3313; x_wconf 86' lang='lat' dir='ltr'><strong>peritissimos</strong></span> <span class='ocrx_word' id='word_1_241' title='bbox 862 3235 978 3300; x_wconf 91' lang='lat' dir='ltr'><strong>harum</strong></span> <span class='ocrx_word' id='word_1_242' title='bbox 1012 3257 1119 3302; x_wconf 90' lang='lat' dir='ltr'><strong>rerum</strong></span> <span class='ocrx_word' id='word_1_243' title='bbox 1150 3238 1292 3303; x_wconf 89' lang='lat' dir='ltr'><strong>arbitros</strong></span> 
     </span>
     <span class='ocr_line' id='line_1_30' title="bbox 95 3334 1289 3421; baseline 0.007 -22"><span class='ocrx_word' id='word_1_244' title='bbox 95 3340 247 3400; x_wconf 90' lang='lat' dir='ltr'><strong>constare</strong></span> <span class='ocrx_word' id='word_1_245' title='bbox 277 3334 398 3418; x_wconf 80' lang='lat' dir='ltr'><strong>novi,²)</strong></span> <span class='ocrx_word' id='word_1_246' title='bbox 427 3354 562 3415; x_wconf 90' lang='lat' dir='ltr'><strong>quorum</strong></span> <span class='ocrx_word' id='word_1_247' title='bbox 591 3335 708 3400; x_wconf 89' lang='lat' dir='ltr'><strong>iudicio</strong></span> <span class='ocrx_word' id='word_1_248' title='bbox 739 3357 934 3417; x_wconf 90' lang='lat' dir='ltr'><strong>quamquam</strong></span> <span class='ocrx_word' id='word_1_249' title='bbox 965 3341 1149 3421; x_wconf 87' lang='lat' dir='ltr'><strong>subscribo,</strong></span> <span class='ocrx_word' id='word_1_250' title='bbox 1181 3347 1289 3407; x_wconf 92' lang='lat' dir='ltr'><strong>tamen</strong></span> 
     </span>
     <span class='ocr_line' id='line_1_31' title="bbox 94 3438 1291 3521; baseline 0.004 -18"><span class='ocrx_word' id='word_1_251' title='bbox 94 3438 207 3504; x_wconf 93' lang='lat' dir='ltr'><strong>dubito</strong></span> <span class='ocrx_word' id='word_1_252' title='bbox 242 3458 319 3503; x_wconf 91' lang='lat' dir='ltr'><strong>num</strong></span> <span class='ocrx_word' id='word_1_253' title='bbox 354 3439 425 3504; x_wconf 91' lang='lat' dir='ltr'><strong>iure</strong></span> <span class='ocrx_word' id='word_1_254' title='bbox 459 3440 580 3505; x_wconf 83' lang='lat' dir='ltr'><strong>formas</strong></span> <span class='ocrx_word' id='word_1_255' title='bbox 615 3440 708 3521; x_wconf 89' lang='lat' dir='ltr'><strong>quasi</strong></span> <span class='ocrx_word' id='word_1_256' title='bbox 742 3441 884 3506; x_wconf 87' lang='lat' dir='ltr'><strong>refectas</strong></span> <span class='ocrx_word' id='word_1_257' title='bbox 922 3444 1048 3506; x_wconf 86' lang='grc' dir='ltr'><strong><em>κείαται</em></strong></span> <span class='ocrx_word' id='word_1_258' title='bbox 1082 3446 1192 3508; x_wconf 88' lang='grc' dir='ltr'><strong><em>κείατο</em></strong></span> <span class='ocrx_word' id='word_1_259' title='bbox 1226 3444 1291 3508; x_wconf 92' lang='lat' dir='ltr'><strong>iam</strong></span> 
     </span>
     <span class='ocr_line' id='line_1_32' title="bbox 95 3541 1289 3632; baseline 0.008 -28"><span class='ocrx_word' id='word_1_260' title='bbox 95 3541 230 3605; x_wconf 92' lang='lat' dir='ltr'><strong>Homeri</strong></span> <span class='ocrx_word' id='word_1_261' title='bbox 252 3541 393 3606; x_wconf 90' lang='lat' dir='ltr'><strong>sermoni</strong></span> <span class='ocrx_word' id='word_1_262' title='bbox 416 3543 645 3608; x_wconf 87' lang='lat' dir='ltr'><strong>concesserint.</strong></span> <span class='ocrx_word' id='word_1_263' title='bbox 684 3545 767 3610; x_wconf 89' lang='lat' dir='ltr'><strong>Nam</strong></span> <span class='ocrx_word' id='word_1_264' title='bbox 790 3547 900 3609; x_wconf 79' lang='grc' dir='ltr'><strong><em>κείατο</em></strong></span> <span class='ocrx_word' id='word_1_265' title='bbox 923 3553 959 3611; x_wconf 86' lang='grc' dir='ltr'><em>Λ</em></span> <span class='ocrx_word' id='word_1_266' title='bbox 982 3549 1044 3610; x_wconf 75' lang='grc'><strong>162</strong></span> <span class='ocrx_word' id='word_1_267' title='bbox 1069 3574 1093 3632; x_wconf 81' lang='grc' dir='ltr'>φ</span> <span class='ocrx_word' id='word_1_268' title='bbox 1116 3549 1179 3611; x_wconf 77' lang='lat'><strong>418</strong></span> <span class='ocrx_word' id='word_1_269' title='bbox 1201 3548 1289 3613; x_wconf 88' lang='lat' dir='ltr'><strong>Scut.</strong></span> 
     </span>
     <span class='ocr_line' id='line_1_33' title="bbox 97 3646 1290 3732; baseline 0.007 -24"><span class='ocrx_word' id='word_1_270' title='bbox 97 3646 171 3724; x_wconf 76' lang='lat'>175,</span> <span class='ocrx_word' id='word_1_271' title='bbox 203 3647 414 3710; x_wconf 78' lang='grc' dir='ltr'><strong><em>κατακείαται</em></strong></span> <span class='ocrx_word' id='word_1_272' title='bbox 438 3649 469 3711; x_wconf 87' lang='grc' dir='ltr'><em>Ω</em></span> <span class='ocrx_word' id='word_1_273' title='bbox 495 3650 557 3712; x_wconf 73' lang='grc'><strong>527</strong></span> <span class='ocrx_word' id='word_1_274' title='bbox 591 3647 724 3713; x_wconf 91' lang='lat' dir='ltr'><strong>metrice</strong></span> <span class='ocrx_word' id='word_1_275' title='bbox 756 3648 915 3730; x_wconf 85' lang='lat' dir='ltr'><strong>producta</strong></span> <span class='ocrx_word' id='word_1_276' title='bbox 946 3670 1019 3713; x_wconf 83' lang='lat' dir='ltr'><strong>esse</strong></span> <span class='ocrx_word' id='word_1_277' title='bbox 1049 3650 1134 3715; x_wconf 83' lang='lat' dir='ltr'><strong>sicut</strong></span> <span class='ocrx_word' id='word_1_278' title='bbox 1162 3652 1290 3732; x_wconf 79' lang='grc' dir='ltr'><strong><em>μείλανι</em></strong></span> 
     </span>
     <span class='ocr_line' id='line_1_34' title="bbox 93 3750 1290 3843; baseline 0.007 -31"><span class='ocrx_word' id='word_1_279' title='bbox 93 3751 277 3815; x_wconf 76' lang='grc' dir='ltr'><strong><em>κατακείετε</em></strong></span> <span class='ocrx_word' id='word_1_280' title='bbox 302 3750 477 3834; x_wconf 74' lang='grc' dir='ltr'><strong><em>ἀκαχοιάτο</em></strong></span> <span class='ocrx_word' id='word_1_281' title='bbox 499 3753 577 3818; x_wconf 79' lang='lat' dir='ltr'><strong>licet</strong></span> <span class='ocrx_word' id='word_1_282' title='bbox 599 3754 768 3835; x_wconf 67' lang='lat' dir='ltr'><strong>suspicari,</strong></span> <span class='ocrx_word' id='word_1_283' title='bbox 791 3753 868 3818; x_wconf 81' lang='lat' dir='ltr'><strong>inde</strong></span> <span class='ocrx_word' id='word_1_284' title='bbox 884 3759 995 3819; x_wconf 78' lang='lat' dir='ltr'><strong>autem</strong></span> <span class='ocrx_word' id='word_1_285' title='bbox 1019 3756 1105 3835; x_wconf 85' lang='lat' dir='ltr'><strong>quod</strong></span> <span class='ocrx_word' id='word_1_286' title='bbox 1128 3756 1252 3820; x_wconf 72' lang='grc' dir='ltr'><strong><em>κείαται</em></strong></span> <span class='ocrx_word' id='word_1_287' title='bbox 1263 3759 1290 3843; x_wconf 82' lang='lat'><strong>³)</strong></span> 
     </span>
    </p>
   </div>
   <div class='ocr_carea' id='block_1_7' title="bbox 93 3939 1291 4537">
    <p class='ocr_par' dir='ltr' id='par_1_8' title="bbox 93 3939 1291 4096">
     <span class='ocr_line' id='line_1_35' title="bbox 167 3939 1291 4011; baseline 0.008 -19"><span class='ocrx_word' id='word_1_288' title='bbox 167 3941 186 4003; x_wconf 87' lang='lat'><strong>¹)</strong></span> <span class='ocrx_word' id='word_1_289' title='bbox 209 3939 344 3994; x_wconf 86' lang='lat' dir='ltr'><strong>Theocrit.</strong></span> <span class='ocrx_word' id='word_1_290' title='bbox 372 3940 384 3993; x_wconf 96' lang='lat' dir='ltr'><strong>l</strong></span> <span class='ocrx_word' id='word_1_291' title='bbox 414 3947 429 3992; x_wconf 82' lang='lat'>9</span> <span class='ocrx_word' id='word_1_292' title='bbox 460 3941 568 3996; x_wconf 82' lang='lat' dir='ltr'><strong>Abrens</strong></span> <span class='ocrx_word' id='word_1_293' title='bbox 597 3949 671 3998; x_wconf 87' lang='lat' dir='ltr'><strong>recte</strong></span> <span class='ocrx_word' id='word_1_294' title='bbox 704 3945 779 3997; x_wconf 75' lang='grc' dir='ltr'><strong><em>οίίδα</em></strong></span> <span class='ocrx_word' id='word_1_295' title='bbox 807 3945 834 4009; x_wconf 82' lang='lat' dir='ltr'><strong>(a</strong></span> <span class='ocrx_word' id='word_1_296' title='bbox 864 3945 1031 3998; x_wconf 89' lang='lat' dir='ltr'><strong>nominativo</strong></span> <span class='ocrx_word' id='word_1_297' title='bbox 1063 3948 1126 4011; x_wconf 74' lang='grc' dir='ltr'><strong><em>οίίς)</em></strong></span> <span class='ocrx_word' id='word_1_298' title='bbox 1154 3947 1291 4001; x_wconf 82' lang='lat' dir='ltr'><strong>revocavit</strong></span> 
     </span>
     <span class='ocr_line' id='line_1_36' title="bbox 93 4024 1054 4096; baseline 0.01 -18"><span class='ocrx_word' id='word_1_299' title='bbox 93 4024 134 4092; x_wconf 83' lang='lat' dir='ltr'><strong>(G.</strong></span> <span class='ocrx_word' id='word_1_300' title='bbox 154 4026 249 4095; x_wconf 79' lang='lat' dir='ltr'><strong>Meyer</strong></span> <span class='ocrx_word' id='word_1_301' title='bbox 269 4033 279 4062; x_wconf 72' lang='lat'><strong>²</strong></span> <span class='ocrx_word' id='word_1_302' title='bbox 297 4025 313 4095; x_wconf 63' lang='grc' dir='ltr'><strong>ξ</strong></span> <span class='ocrx_word' id='word_1_303' title='bbox 331 4032 380 4079; x_wconf 84' lang='grc'><strong>331</strong></span> <span class='ocrx_word' id='word_1_304' title='bbox 400 4043 427 4093; x_wconf 91' lang='lat' dir='ltr'><strong>p.</strong></span> <span class='ocrx_word' id='word_1_305' title='bbox 446 4031 517 4096; x_wconf 78' lang='lat'><strong>322).</strong></span> <span class='ocrx_word' id='word_1_306' title='bbox 537 4059 567 4067; x_wconf 94' lang='lat'>-</span> <span class='ocrx_word' id='word_1_307' title='bbox 588 4030 629 4086; x_wconf 82' lang='lat' dir='ltr'><strong>Cf.</strong></span> <span class='ocrx_word' id='word_1_308' title='bbox 648 4030 732 4085; x_wconf 88' lang='lat' dir='ltr'><strong>etiam</strong></span> <span class='ocrx_word' id='word_1_309' title='bbox 752 4031 861 4086; x_wconf 86' lang='lat' dir='ltr'><strong>Curtius</strong></span> <span class='ocrx_word' id='word_1_310' title='bbox 880 4031 976 4085; x_wconf 55' lang='grc' dir='ltr'><strong><em>(ἕκατί</em></strong></span> <span class='ocrx_word' id='word_1_311' title='bbox 995 4038 1054 4088; x_wconf 74' lang='lat' dir='ltr'><strong>dil.</strong></span> 
     </span>
    </p>

    <p class='ocr_par' dir='ltr' id='par_1_9' title="bbox 93 4111 1290 4358">
     <span class='ocr_line' id='line_1_37' title="bbox 164 4111 1290 4188; baseline 0.009 -23"><span class='ocrx_word' id='word_1_312' title='bbox 164 4114 184 4178; x_wconf 79' lang='lat'><strong>¹)</strong></span> <span class='ocrx_word' id='word_1_313' title='bbox 204 4111 502 4168; x_wconf 78' lang='lat' dir='ltr'><strong>Ostuoffmu.1vsr</strong></span> <span class='ocrx_word' id='word_1_314' title='bbox 524 4133 549 4171; x_wconf 87' lang='lat' dir='ltr'><strong>n.</strong></span> <span class='ocrx_word' id='word_1_315' title='bbox 571 4123 592 4168; x_wconf 90' lang='grc'><strong>1.</strong></span> <span class='ocrx_word' id='word_1_316' title='bbox 618 4117 681 4170; x_wconf 86' lang='lat' dir='ltr'><strong>Joh.</strong></span> <span class='ocrx_word' id='word_1_317' title='bbox 701 4117 826 4170; x_wconf 89' lang='lat' dir='ltr'><strong>Schmidt</strong></span> <span class='ocrx_word' id='word_1_318' title='bbox 844 4117 900 4170; x_wconf 84' lang='lat' dir='ltr'><strong>KZ.</strong></span> <span class='ocrx_word' id='word_1_319' title='bbox 921 4118 1027 4172; x_wconf 82' lang='lat' dir='ltr'>XXVII</span> <span class='ocrx_word' id='word_1_320' title='bbox 1047 4125 1106 4172; x_wconf 77' lang='lat'><strong>295.</strong></span> <span class='ocrx_word' id='word_1_321' title='bbox 1131 4122 1290 4188; x_wconf 79' lang='lat' dir='ltr'><strong>Brugmann</strong></span> 
     </span>
     <span class='ocr_line' id='line_1_38' title="bbox 93 4198 1290 4276; baseline 0.008 -25"><span class='ocrx_word' id='word_1_322' title='bbox 93 4216 115 4251; x_wconf 83' lang='lat' dir='ltr'><strong>a.</strong></span> <span class='ocrx_word' id='word_1_323' title='bbox 139 4198 215 4255; x_wconf 89' lang='lat' dir='ltr'><strong>heut.</strong></span> <span class='ocrx_word' id='word_1_324' title='bbox 239 4198 342 4253; x_wconf 88' lang='lat' dir='ltr'><strong>Stande</strong></span> <span class='ocrx_word' id='word_1_325' title='bbox 368 4199 393 4252; x_wconf 91' lang='lat' dir='ltr'><strong>d.</strong></span> <span class='ocrx_word' id='word_1_326' title='bbox 418 4200 593 4267; x_wconf 83' lang='lat' dir='ltr'><strong>Sprachwiss.</strong></span> <span class='ocrx_word' id='word_1_327' title='bbox 620 4209 662 4260; x_wconf 74' lang='lat'><strong>53.</strong></span> <span class='ocrx_word' id='word_1_328' title='bbox 692 4203 724 4259; x_wconf 85' lang='lat' dir='ltr'><strong>G.</strong></span> <span class='ocrx_word' id='word_1_329' title='bbox 744 4205 868 4272; x_wconf 72' lang='lat' dir='ltr'><strong>Meyer*</strong></span> <span class='ocrx_word' id='word_1_330' title='bbox 893 4203 909 4273; x_wconf 67' lang='grc' dir='ltr'><strong>ξ</strong></span> <span class='ocrx_word' id='word_1_331' title='bbox 932 4209 980 4256; x_wconf 77' lang='grc'><strong>111</strong></span> <span class='ocrx_word' id='word_1_332' title='bbox 1008 4205 1063 4272; x_wconf 86' lang='lat' dir='ltr'><strong>(qui</strong></span> <span class='ocrx_word' id='word_1_333' title='bbox 1087 4210 1181 4259; x_wconf 87' lang='lat' dir='ltr'><strong>tamen</strong></span> <span class='ocrx_word' id='word_1_334' title='bbox 1204 4207 1220 4276; x_wconf 61' lang='grc' dir='ltr'>ᾗ</span> <span class='ocrx_word' id='word_1_335' title='bbox 1242 4213 1290 4262; x_wconf 80' lang='lat' dir='ltr'><strong>lbb</strong></span> 
     </span>
     <span class='ocr_line' id='line_1_39' title="bbox 93 4285 958 4358; baseline 0.002 -19"><span class='ocrx_word' id='word_1_336' title='bbox 93 4301 212 4340; x_wconf 87' lang='lat' dir='ltr'><strong>errorem</strong></span> <span class='ocrx_word' id='word_1_337' title='bbox 232 4286 334 4352; x_wconf 86' lang='lat' dir='ltr'><strong>prioris</strong></span> <span class='ocrx_word' id='word_1_338' title='bbox 352 4285 480 4340; x_wconf 86' lang='lat' dir='ltr'><strong>editionis</strong></span> <span class='ocrx_word' id='word_1_339' title='bbox 500 4286 525 4355; x_wconf 59' lang='grc' dir='ltr'><strong>[ὅ</strong></span> <span class='ocrx_word' id='word_1_340' title='bbox 546 4289 603 4356; x_wconf 80' lang='lat'>152]</span> <span class='ocrx_word' id='word_1_341' title='bbox 623 4289 760 4355; x_wconf 80' lang='lat' dir='ltr'><strong>corrigere</strong></span> <span class='ocrx_word' id='word_1_342' title='bbox 778 4289 880 4343; x_wconf 85' lang='lat' dir='ltr'><strong>oblitus</strong></span> <span class='ocrx_word' id='word_1_343' title='bbox 898 4293 958 4358; x_wconf 86' lang='lat' dir='ltr'><strong>est).</strong></span> 
     </span>
    </p>

    <p class='ocr_par' dir='ltr' id='par_1_10' title="bbox 94 4374 1290 4537">
     <span class='ocr_line' id='line_1_40' title="bbox 163 4374 1290 4445; baseline 0.011 -21"><span class='ocrx_word' id='word_1_344' title='bbox 163 4374 184 4440; x_wconf 78' lang='lat'><strong>⁸)</strong></span> <span class='ocrx_word' id='word_1_345' title='bbox 204 4379 301 4427; x_wconf 75' lang='grc' dir='ltr'><strong><em>κέαται</em></strong></span> <span class='ocrx_word' id='word_1_346' title='bbox 320 4380 351 4428; x_wconf 80' lang='grc' dir='ltr'><em>Λ</em></span> <span class='ocrx_word' id='word_1_347' title='bbox 370 4380 429 4429; x_wconf 76' lang='lat'><strong>659.</strong></span> <span class='ocrx_word' id='word_1_348' title='bbox 448 4379 507 4430; x_wconf 75' lang='lat'><strong>826.</strong></span> <span class='ocrx_word' id='word_1_349' title='bbox 526 4380 560 4427; x_wconf 84' lang='lat'><strong>11</strong></span> <span class='ocrx_word' id='word_1_350' title='bbox 576 4381 619 4428; x_wconf 77' lang='lat'><strong>24.</strong></span> <span class='ocrx_word' id='word_1_351' title='bbox 639 4382 723 4429; x_wconf 74' lang='lat' dir='ltr'><strong>Trou</strong></span> <span class='ocrx_word' id='word_1_352' title='bbox 743 4375 992 4445; x_wconf 78' lang='lat' dir='ltr'><strong>(Archiloch.169),</strong></span> <span class='ocrx_word' id='word_1_353' title='bbox 1011 4378 1085 4431; x_wconf 70' lang='grc' dir='ltr'><strong><em>κέατ’</em></strong></span> <span class='ocrx_word' id='word_1_354' title='bbox 1104 4396 1121 4431; x_wconf 91' lang='grc' dir='ltr'>σ</span> <span class='ocrx_word' id='word_1_355' title='bbox 1140 4386 1181 4436; x_wconf 74' lang='lat'><strong>44.</strong></span> <span class='ocrx_word' id='word_1_356' title='bbox 1205 4389 1290 4436; x_wconf 79' lang='grc' dir='ltr'><strong><em>κέατο</em></strong></span> 
     </span>
     <span class='ocr_line' id='line_1_41' title="bbox 94 4460 1289 4537; baseline 0.007 -26"><span class='ocrx_word' id='word_1_357' title='bbox 94 4463 123 4511; x_wconf 87' lang='grc' dir='ltr'><em>Ν</em></span> <span class='ocrx_word' id='word_1_358' title='bbox 142 4463 200 4514; x_wconf 76' lang='grc'><strong>163.</strong></span> <span class='ocrx_word' id='word_1_359' title='bbox 218 4463 245 4513; x_wconf 88' lang='grc' dir='ltr'><strong><em>Ω</em></strong></span> <span class='ocrx_word' id='word_1_360' title='bbox 267 4465 324 4515; x_wconf 79' lang='lat' dir='ltr'><strong>loa.</strong></span> <span class='ocrx_word' id='word_1_361' title='bbox 344 4460 416 4513; x_wconf 84' lang='lat' dir='ltr'><strong>Scut.</strong></span> <span class='ocrx_word' id='word_1_362' title='bbox 436 4465 496 4526; x_wconf 72' lang='lat'>241,</span> <span class='ocrx_word' id='word_1_363' title='bbox 515 4460 589 4514; x_wconf 69' lang='lat' dir='ltr'><strong>arar*</strong></span> <span class='ocrx_word' id='word_1_364' title='bbox 602 4466 630 4515; x_wconf 82' lang='grc' dir='ltr'>Ω</span> <span class='ocrx_word' id='word_1_365' title='bbox 649 4467 708 4518; x_wconf 80' lang='lat'><strong>61⁰.</strong></span> <span class='ocrx_word' id='word_1_366' title='bbox 726 4472 793 4516; x_wconf 89' lang='lat' dir='ltr'><strong>oret.</strong></span> <span class='ocrx_word' id='word_1_367' title='bbox 812 4471 905 4517; x_wconf 84' lang='grc' dir='ltr'><strong><em>κίαται</em></strong></span> <span class='ocrx_word' id='word_1_368' title='bbox 925 4465 956 4518; x_wconf 88' lang='lat' dir='ltr'><strong>G.</strong></span> <span class='ocrx_word' id='word_1_369' title='bbox 971 4464 1067 4535; x_wconf 82' lang='lat' dir='ltr'><strong>Meyer</strong></span> <span class='ocrx_word' id='word_1_370' title='bbox 1086 4472 1096 4503; x_wconf 88' lang='lat'><strong>²</strong></span> <span class='ocrx_word' id='word_1_371' title='bbox 1115 4467 1131 4537; x_wconf 61' lang='grc' dir='ltr'>ᾗ</span> <span class='ocrx_word' id='word_1_372' title='bbox 1150 4474 1183 4519; x_wconf 86' lang='grc'><strong>60</strong></span> <span class='ocrx_word' id='word_1_373' title='bbox 1201 4483 1227 4534; x_wconf 89' lang='lat' dir='ltr'><strong>p.</strong></span> <span class='ocrx_word' id='word_1_374' title='bbox 1249 4473 1289 4526; x_wconf 76' lang='grc'><strong>11,</strong></span> 
     </span>
    </p>
   </div>
   <div class='ocr_carea' id='block_1_8' title="bbox 0 0 1498 5010">
    <p class='ocr_par' dir='ltr' id='par_1_11' title="bbox 0 0 1498 5010">
     <span class='ocr_line' id='line_1_42' title="bbox 0 0 1498 5010; baseline 0 1"><span class='ocrx_word' id='word_1_375' title='bbox 0 0 1498 5010; x_wconf 95' lang='lat' dir='ltr'><strong> </strong></span> 
     </span>
    </p>
   </div>
  </div>
 </body>
</html>
