2956 5018
694 193 926 259 -458-

220 389 341 465 guntur
370 383 454 463 quod
484 382 568 448 falsa
597 384 723 448 demum
753 382 903 464 analogia
933 382 1054 448 factum
1084 382 1224 448 videtur.
1275 384 1402 450 Vetusti

222 487 362 571 ’Ἀρεευ-
393 489 476 568 quod
499 487 531 552 in
562 506 708 553 sermone
732 487 818 569 volgi
840 491 966 552 mature
988 486 1200 552 interciderat
1230 487 1401 554 declinatio

220 592 280 656 hac
313 589 464 672 analogia
493 591 611 655 mutari
640 590 780 656 fortasse
809 610 873 656 non
907 590 971 656 iam
1004 590 1126 672 potuit,
1169 609 1241 655 cum
1276 593 1403 659 brevior

220 693 322 759 forma
345 715 365 760 a
387 694 618 760 consuetudine
641 694 768 777 volgari
790 695 877 760 nullo
898 700 1043 776 tempore
1065 695 1184 760 omissa
1208 694 1341 778 ’Ἄρευ-
1363 697 1402 762 ad

219 799 457 865 simulitudinem
480 806 660 865 ceterorum
690 800 795 883 redigi
824 801 957 866 deberet
986 821 1068 882 quae
1099 801 1205 867 omnia
1235 801 1402 883 paullatim

219 904 251 969 in
275 904 457 986 analogiam
481 905 749 986 appellativorum
773 905 890 972 abiisse
913 905 1073 972 videntur.

305 1008 531 1088 Discrepantia
558 1029 653 1089 quarn
684 1009 854 1075 statuimus
881 1010 966 1075 inter
992 1009 1123 1090 propria
1146 1016 1180 1075 et
1202 1010 1403 1092 appellativa

218 1112 440 1178 intercessisse
462 1131 525 1177 uon
548 1120 679 1179 recusat
694 1113 896 1194 explicatum.
934 1114 1101 1179 Vetustior
1114 1114 1210 1181 flexio
1233 1116 1317 1181 haec
1333 1123 1404 1181 erat

482 1216 596 1293 ibcsiig
627 1245 650 1273 <
678 1217 799 1303 Τυδηύς
845 1216 936 1302 ύχεύς
960 1248 990 1274 <
1015 1216 1114 1303 ύχηύς

481 1325 612 1403 Tedefor
844 1321 954 1407 ύχερῐος

482 1434 591 1510 Tvd'eft
841 1426 928 1512 ὀχεμ

481 1539 605 1619 Τύανα
840 1531 976 1619 611111)

838 1637 950 1724 ὄντας

837 1741 954 1826 clesma

837 1846 947 1932 ύχευσι

830 1951 987 2038 irruas-²)

215 2075 341 2128 Acachia.
356 2076 475 2145 ctesiph.
492 2077 558 2145 1201.
584 2077 624 2130 De
643 2090 735 2130 errore
754 2073 786 2128 cf.
800 2075 884 2142 epigr.
898 2073 1043 2141 Sophronii
1056 2074 1219 2129 Damasceni
1239 2075 1401 2143 (Buecheler

215 2161 267 2217 Rh.
287 2161 324 2220 M.
343 2163 474 2218 XXXVII
493 2170 543 2218 329
562 2165 611 2232 sq.)
630 2181 653 2220 v.
673 2170 688 2217 6
707 2177 828 2216 necnon
847 2162 982 2216 Theocrit.
1002 2161 1079 2215 XVII
1107 2167 1153 2215 121
1180 2162 1227 2216 ubi
1246 2182 1274 2218 τε
1295 2171 1341 2216 καὶ
1362 2155 1400 2218 ὦν

215 2249 243 2302 in
262 2256 366 2304 τοκέων
378 2259 535 2319 corruptum
554 2251 665 2304 videbis.
690 2251 814 2304 Alterum
832 2265 938 2304 versum
956 2257 983 2304 ψ
997 2256 1044 2304 581
1067 2253 1095 2303 οἳ
1112 2256 1158 2302 καὶ
1179 2252 1291 2322 πρόσθε
1310 2254 1399 2320 φίλων

217 2345 319 2392 τοκέων
338 2340 449 2408 τῖλόχων
468 2359 496 2394 τε
516 2346 562 2391 καὶ
584 2341 651 2393 aloia
669 2338 840 2406 corruptelae
859 2337 950 2405 arguit
977 2337 1018 2391 vel
1042 2336 1202 2391 vocabulum
1231 2341 1299 2392 υἱῶν
1323 2338 1399 2392 cuius

214 2425 273 2480 loco
292 2424 400 2492 flagitat
418 2428 553 2482 sententIa
571 2433 675 2481 τέκνων
695 2432 796 2481 τεκέων
816 2426 925 2480 παίδων
944 2423 989 2492 (cf.
1003 2426 1118 2494 Lycurg.
1132 2424 1227 2479 Leoor.
1244 2431 1274 2478 10
1295 2427 1398 2484 παῖδας

214 2520 260 2566 καὶ
280 2525 415 2583 γυναῖκας
443 2514 500 2582 [141
521 2514 572 2584 bis]
597 2530 657 2569 cum
677 2520 708 2567 53
733 2512 798 2574 τοὺς
825 2517 892 2573 υἱεῖς
917 2520 962 2566 καὶ
983 2513 1032 2579 τῆν
1051 2517 1193 2583 γυναῖκα).
1229 2512 1268 2567 Ut
1286 2512 1398 2582 aliquod

213 2599 336 2655 luderem
354 2601 458 2655 tentavi
478 2604 506 2654 οἳ
524 2608 569 2654 κατ’
594 2600 696 2671 πρόσθ’
715 2603 826 2671 α’λόχων
851 2608 896 2655 κατ’
924 2601 1034 2655 παίδων
1059 2602 1105 2667 ride
1126 2602 1234 2667 τοκήων
1252 2602 1291 2668 (ω
1310 2607 1333 2655 Γ
1350 2607 1399 2654 lac

215 2691 243 2741 οἳ
260 2691 337 2758 cippi
358 2695 493 2762 Πρίαμον
519 2696 565 2743 καὶ
590 2692 735 2745 Πάνθοον
760 2691 806 2756 ridi
828 2689 987 2758 Θυμοίτην).
1025 2688 1144 2742 Similem
1171 2688 1293 2742 ordinem
1314 2688 1399 2743 habes

215 2782 237 2829 0
263 2781 325 2842 663,
347 2784 539 2844 praeterquam
559 2776 630 2844 quod
649 2777 774 2845 coniuges
799 2783 826 2831 et
846 2777 925 2832 liberi
944 2775 1033 2831 sedem
1058 2780 1212 2844 mutarunt,
1236 2792 1291 2843 qua
1315 2793 1346 2831 re
1365 2792 1399 2831 ne

213 2860 374 2930 offendaris,
394 2863 546 2917 memineris
571 2864 649 2918 velim
676 2864 868 2919 consuetudine
892 2864 1003 2917 Homeri
1025 2862 1144 2917 nondum
1166 2863 1320 2917 stabilitum
1340 2879 1399 2917 esse

214 2949 334 3004 ordinem
343 2949 536 3004 recentioribus
546 2951 702 3006 sollemnem
715 2952 814 3012 acridae
824 2958 869 3005 καὶ
883 2962 1013 3021 γυναῖκες
1023 2949 1095 3016 (Keil
1106 2947 1197 3006 sched.
1205 2950 1291 3016 epigr.
1300 2955 1334 3003 30
1340 2953 1399 3018 aqi.

283 3040 305 3100 ⁴)
326 3036 431 3091 Ahrcns
451 3037 550 3090 Philcl.
569 3037 672 3091 XXXV
693 3045 732 3092 16.

285 3125 303 3190 ¹)
324 3125 544 3194 Oia-lapideas:
571 3124 760 3199 ilfqp-kifl-tc
785 3128 860 3196 [sort.
885 3128 1002 3182 Manuos
1024 3125 1127 3194 BenIey
1152 3125 1198 3180 Or.
1218 3124 1279 3179 Occ.
1300 3125 1312 3178 l
1336 3126 1398 3193 214]

211 3227 323 3279 quorum
343 3212 520 3268 conformatio
539 3221 666 3267 accurate
684 3215 830 3282 respondet
848 3214 977 3269 derivatis
994 3214 1136 3280 Λητοΐδης
1158 3211 1248 3278 (Pind.
1267 3213 1324 3267 ΔΡ.
1343 3213 1398 3267 Vll

212 3304 270 3364 231,
289 3304 304 3350 2
324 3299 393 3366 alli:
416 3301 536 3364 Αρτωΐς.
573 3299 707 3354 Generum
732 3299 910 3356 differentiam
935 3308 1045 3356 servant
1069 3300 1242 3354 vetustissimi
1269 3300 1398 3373 (Βρισηίς

212 3394 334 3459 Χρυσηίς
352 3393 470 3457 Κερκηίς
488 3394 612 3457 Περσηίς
638 3395 786 3454 ΙΙανοττρίς
809 3391 895 3462 ἱερρίς
919 3391 1042 3457 βασιληίς
1061 3394 1124 3442 0611.
1144 3389 1316 3459 austrapius
1335 3397 1397 3454 -ρίς

211 3475 299 3528 Cauer
323 3479 333 3511 ¹
358 3477 430 3543 192);
459 3476 543 3530 sicubi
571 3477 597 3531 in
626 3477 774 3531 masculino
802 3500 816 3542 η
843 3483 983 3543 comparet
1011 3477 1174 3544 (Σελληῗύεω
1202 3476 1307 3530 Archil.
1338 3484 1396 3531 104.

212 3560 382 3631 τύχαρναύύατ
402 3564 449 3615 Ar.
467 3563 606 3620 11111322.
643 3564 842 3631 Wackernagel
866 3564 922 3616 KZ.
942 3563 1047 3617 XXVII
1072 3568 1122 3616 aio
1142 3564 1202 3621 coli,
1220 3569 1279 3615 211.
1317 3564 1397 3618 Blass

213 3653 336 3716 Ausspr.³
349 3653 435 3706 disis.
465 3650 630 3715 Bocoalqtdqr
649 3650 778 3707 Herodot.
796 3649 861 3703 Vlll
882 3655 941 3720 132)
961 3652 1003 3706 vel
1021 3653 1048 3705 in
1066 3651 1197 3705 feminino
1216 3671 1228 3705 a
1247 3653 1397 3722 (Νηρεΐδες

212 3734 288 3788 Pind.
313 3734 408 3790 Istbm.
428 3735 451 3787 V
478 3735 537 3805 [Vl]
559 3743 581 3789 6.
609 3739 732 3810 Κρηθεΐς
751 3738 783 3792 N.
797 3737 821 3790 V
835 3743 867 3791 26
886 3736 958 3807 quod
976 3737 1119 3792 imitantur
1137 3738 1247 3804 Latini),
1266 3738 1397 3807 analogia

211 3822 353 3891 pristinum
371 3829 473 3877 statum
492 3823 611 3878 turbavit
622 3825 779 3892 (adiuvante
798 3826 825 3879 in
844 3825 999 3880 masculinis
1019 3825 1154 3879 nominum
1166 3841 1236 3893 quac
1256 3826 1283 3878 in
1298 3829 1399 3900 -tp'dqc

213 3912 311 3984 -νῄύης
325 3920 425 3965 exeunt
437 3912 630 3981 similitudine).
658 3914 750 3979 -ri'dqc
764 3913 792 3968 in
805 3912 952 3966 masculino
971 3911 1036 3967 locis
1048 3910 1123 3966 haud
1137 3913 1229 3980 paucis
1243 3926 1397 3981 agnoscunt

211 3997 345 4052 Pindarus¹
363 3999 511 4070 (Ἀτρεΐδας
537 4000 696 4069 Κρηθεΐδας
717 4000 846 4060 Οἰνεΐδας
866 3999 1015 4066 Πηλεΐδας)
1040 4005 1068 4054 et
1086 4000 1183 4068 tragici
1209 4002 1395 4075 (Ἐρεχθεΐδας

213 4086 515 4151 cuncticreantem,
543 4086 841 4142 Schneidewin-Nauck
868 4085 904 4140 ad
931 4084 1014 4152 Soph.
1038 4088 1102 4139 Ant.
1126 4091 1184 4139 011.
1211 4091 1278 4159 002).
1316 4089 1396 4146 Unde

211 4173 330 4240 gentium
350 4176 493 4242 sumpserit
516 4174 620 4231 mediae
644 4176 767 4246 syllabae
790 4175 952 4230 solutionem
977 4185 1058 4242 poeta
1084 4190 1186 4242 vagans
1211 4178 1254 4231 coi
1279 4177 1396 4233 debetur

211 4268 381 4327 pentameter
399 4261 445 4327 (du
464 4261 542 4315 Meril
560 4263 666 4330 poe'sies
684 4262 775 4330 popul.
795 4264 882 4316 anter.
901 4279 936 4317 au
955 4262 1008 4316 XII
1027 4279 1047 4316 s.
1068 4263 1129 4333 [300
1149 4266 1215 4334 sqq.]
1236 4281 1258 4318 v.
1281 4270 1340 4333 100)

534 4350 604 4404 Aiax
623 4349 750 4420 Tydides,
768 4350 889 4420 Pyrrhus
907 4348 1074 4404 Achilleides

211 4435 314 4489 nescIre
333 4450 375 4488 me
394 4435 482 4489 fateor
501 4436 587 4489 locum
607 4444 703 4491 notatu
722 4436 833 4503 dignum
852 4437 1026 4504 adscripsisse
1045 4444 1196 4491 contentus.

282 4523 300 4590 ²)
320 4522 360 4581 Cf.
379 4529 501 4593 πατέρας
513 4531 634 4593 ματέρας
646 4525 724 4578 iuxta
741 4539 809 4591 quae
829 4523 896 4591 epici
909 4533 1006 4592 poetae
1026 4540 1080 4578 nou
1093 4523 1263 4580 admiserunt
1283 4531 1392 4600 πάτρας

208 4611 324 4682 μῇτρας.
344 4612 485 4680 θύγατρας
509 4609 595 4676 (iuxta
617 4612 746 4682 θύγατρα
769 4612 916 4685 θύγατρες)
940 4617 1084 4666 excusatur
1107 4610 1226 4666 brevium
1252 4628 1390 4670 concursu.
