2940 5026
704 185 938 256 -mea

218 386 392 467 instructa,
428 402 448 450 a
477 381 582 466 poetis
617 383 745 448 demum
776 381 950 447 artificiose
984 381 1090 462 prima
1119 382 1228 447 vocali
1260 380 1417 463 producta

218 490 329 558 versui
350 491 541 555 hexametro
565 488 725 569 adaptata
739 504 823 551 esse.
853 486 949 551 Hanc
972 485 1171 551 sententiam
1186 486 1285 552 unice
1309 508 1416 554 veram

217 594 334 660 iudico.
345 595 369 680 ¹)
422 595 505 659 Nam
539 598 577 659 ut
614 598 738 659 certum
773 599 825 659 est
859 600 959 673 atque
996 595 1219 676 exploratum,
1261 594 1417 676 syllabam

217 699 375 764 initialem
402 698 482 781 fuga
503 698 627 763 nasalis
657 698 684 762 si
715 699 824 779 placet
847 699 1051 764 debilitatam
1080 719 1162 780 esse,
1193 700 1261 779 ita,
1295 719 1417 779 exque

218 806 386 886 Brugman
410 803 544 886 egregia
574 802 795 883 disputatione
819 802 922 867 Curtii
945 802 1069 868 Studiis
1096 803 1147 868 IX
1176 804 1308 870 inserta
1339 807 1417 870 bunc

216 914 321 974 totum
352 909 457 972 locum
480 905 675 987 illustravit,
707 924 771 971 non
801 906 907 972 minus
939 914 1063 973 certum
1091 908 1238 991 linguam
1267 928 1416 992 graecam

218 1012 365 1077 omnibus
388 1015 548 1091 quotquot
569 1011 632 1076 huc
661 1009 828 1092 pertinent
857 1011 1025 1076 vocabulis
1048 1013 1195 1076 nasalem
1220 1014 1308 1078 adeo
1338 1014 1415 1079 radi-

217 1117 300 1183 citus
339 1114 509 1195 evolsisse,
549 1119 587 1179 ut
623 1114 745 1179 nullum
784 1113 854 1178 eius
893 1114 1068 1196 vestigium
1105 1115 1355 1196 relinqueretur
1389 1126 1416 1183 et

217 1220 340 1288 vocalis
363 1238 463 1300 pura,
494 1237 573 1284 vere
596 1218 722 1300 brevis,
754 1219 845 1283 nulla
876 1218 947 1285 sive
978 1238 1121 1284 consona
1152 1220 1224 1286 sive
1257 1241 1416 1289 consonae

218 1331 312 1407 parte
343 1322 498 1403 admixta,
530 1328 695 1387 oreretur:
730 1322 816 1402 quod
846 1321 931 1388 idem
962 1323 995 1388 in
1031 1323 1198 1389 vocabulis
1230 1326 1353 1405 quibus
1382 1328 1417 1392 de

217 1429 268 1494 bic
291 1426 401 1510 agitur
424 1426 580 1492 eccidisse
604 1426 699 1491 testis
722 1432 774 1491 est
796 1427 901 1493 forma
924 1433 984 1493 att.
1001 1428 1065 1493 ion.
1083 1427 1256 1509 ἂθάνατος,
1281 1432 1360 1514 lege
1382 1433 1416 1497 de

217 1544 237 1599 ᾶ
260 1533 292 1598 in
319 1563 336 1619 q
360 1530 516 1596 mutando
539 1529 678 1609 quaein
701 1529 751 1594 his
774 1528 923 1595 dialectis
946 1537 1067 1613 regnat
1088 1531 1170 1596 satis
1193 1537 1415 1615 comprobata.

215 1639 329 1717 Neque
364 1634 475 1701 dubito
510 1633 587 1714 quin
621 1634 682 1698 bac
714 1634 748 1699 in
783 1655 818 1699 re
854 1637 1092 1716 aliquantulum
1132 1637 1346 1704 tribuendum
1379 1641 1416 1705 sit

217 1740 387 1807 adjectivis
422 1737 546 1820 ἀκάμας
582 1736 767 1820 ἃπάλαμνος
804 1741 926 1826 &stator
961 1741 1110 1820 quamvis
1144 1761 1337 1814 mensuram
1367 1765 1414 1809 ex-

216 1846 329 1928 pleant
351 1842 561 1927 diversam.²)
606 1843 690 1906 Nam
720 1843 806 1921 quod
835 1844 875 1908 de
899 1846 1061 1910 Saussure
1091 1846 1181 1931 (Mel.
1206 1847 1327 1913 Graux
1358 1851 1414 1915 738

216 1951 301 2035 sqq.)
336 1949 376 2013 de
406 1949 480 2029 lege
514 1947 655 2027 quadam
691 1967 832 2029 graecae
862 1949 995 2031 linguae
1029 1951 1213 2033 rhythmica
1244 1952 1414 2020 fallacibus

216 2053 373 2134 exemplis
410 2051 443 2117 in
487 2051 564 2118 avia
606 2052 766 2116 deductus
809 2051 992 2132 disputavit
1029 2071 1181 2118 asserens
1221 2055 1413 2124 iniucnndae

215 2159 362 2224 brevium
392 2158 592 2240 syllabarum
624 2156 860 2222 continuationi
892 2157 1038 2223 Graecos
1070 2163 1104 2222 et
1137 2159 1356 2239 productione
1384 2170 1412 2227 et

215 2281 360 2346 syncopa
383 2260 543 2327 vocalium
567 2260 689 2325 mederi
712 2261 825 2325 solitos
841 2280 923 2342 esse,
948 2281 1144 2343 quamquam
1166 2263 1200 2328 in
1225 2266 1409 2333 universnm

216 2366 350 2450 Curtii³)
384 2383 555 2429 assensum
585 2363 677 2444 tulit,
712 2365 841 2431 minime
872 2368 1077 2447 probandum
1108 2373 1175 2432 est:
1211 2389 1313 2449 quarn
1350 2392 1408 2437 ren

213 2558 278 2625 (RB.
298 2555 351 2608 x11
369 2555 396 2608 in
420 2553 534 2607 Hesiodi
556 2553 722 2621 theogoniae
747 2555 880 2623 versione)
898 2556 1041 2611 Windisch
1060 2557 1221 2626 (Verhaudl.
1247 2559 1298 2613 der
1324 2560 1409 2614 Stobs.

215 2643 277 2700 Ges.
296 2643 322 2698 d.
342 2640 423 2695 Wiss.
445 2646 511 2692 lflsb
530 2656 556 2706 p.
576 2647 591 2691 4
610 2656 674 2693 ann.
700 2644 734 2707 1),
758 2652 785 2697 et
810 2653 943 2710 separant
960 2660 1032 2712 quae
1051 2653 1148 2712 aperte
1166 2644 1292 2701 eiusdem
1314 2646 1409 2699 ordinis

215 2739 279 2786 sunt
296 2727 453 2798 (ἄκαμπτος
473 2728 545 2781 enim
564 2728 646 2795 parili
671 2733 778 2784 ratione
803 2732 931 2800 expedire
956 2748 1011 2784 non
1038 2731 1114 2786 licet:
1140 2732 1199 2787 rud.
1218 2755 1277 2802 καμ
1301 2759 1335 2777 =
1353 2742 1408 2789 sert.

214 2820 280 2886 aava)
300 2832 350 2870 nec
361 2823 461 2869 curant
479 2816 591 2868 Homeri
605 2832 683 2870 ursum
702 2818 787 2885 quiin
808 2818 860 2872 bac
872 2818 964 2872 radice
984 2827 1055 2872 θανι
1074 2827 1128 2885 aeq
1144 2835 1183 2872 ne
1201 2837 1287 2874 unum
1308 2821 1407 2890 quidem

215 2905 343 2972 digammi
362 2902 505 2970 vestigium
525 2902 618 2957 babet.
645 2904 758 2958 Accedit
776 2907 848 2972 quod
868 2906 1049 2974 veriloquium
1069 2909 1142 2975 (sort.
1163 2911 1252 2960 (Iloua
1272 2934 1306 2952 =
1327 2923 1407 2977 graec.

215 2995 286 3060 aar)
305 3008 322 3045 a
340 2989 538 3059 probabilitate
557 2989 665 3057 longius
685 2990 772 3047 abest.

288 3084 306 3150 ¹)
327 3080 363 3134 Ut
381 3081 529 3139 α’θιὶνατος
554 3081 704 3147 α’κιίματος
729 3081 884 3149 εἷααλαμος
910 3095 965 3134 non
985 3079 1063 3146 ‘apud
1088 3079 1180 3149 epicos
1205 3083 1295 3150 solos,
1322 3098 1407 3138 verum

214 3169 299 3223 etiam
321 3166 396 3236 apud
420 3167 520 3236 lyricos
543 3168 576 3234 (e.
596 3182 635 3234 gr.
657 3166 760 3233 Sapph.
782 3172 804 3229 1,
826 3172 846 3218 1.
871 3173 910 3224 14.
942 3166 1098 3233 Alcaetb,
1119 3175 1142 3219 1.
1176 3168 1406 3230 Ρ111.01.159)

214 3256 334 3323 tragicos
352 3257 466 3324 (Porsen
487 3254 523 3309 ad
541 3253 665 3322 Euripid.
689 3253 762 3309 lded.
784 3259 831 3306 139
858 3272 882 3321 p.
903 3257 946 3319 28)
970 3255 1087 3308 comicos
1106 3253 1196 3318 (Kock
1214 3254 1251 3308 ad
1272 3257 1407 3323 aristoph.

214 3343 285 3398 Rau.
306 3348 417 3410 4129)-
437 3340 582 3411 ἅκιίμαιος
608 3341 706 3396 Aescb.
725 3341 799 3397 Pers,
819 3346 878 3396 882.
915 3341 1055 3410 Aristopb.
1075 3341 1146 3395 Nub.
1166 3347 1231 3409 285;
1266 3341 1407 3400 ἃθιίνιαα

213 3435 261 3486 Ar.
281 3430 400 3484 Acheru.
420 3435 462 3484 53.
490 3432 539 3482 Av.
561 3434 637 3483 1224.
665 3429 734 3481 Ran.
755 3434 813 3480 629.
842 3429 1016 3495 Antiphanes
1044 3429 1125 3497 frgm.
1154 3436 1196 3496 86,
1224 3437 1239 3482 6
1269 3431 1297 3484 ΙΙ
1328 3438 1360 3486 46
1379 3430 1407 3485 11.

214 3520 389 3585 (α’θανασίας
409 3505 554 3584 &Co-m
573 3517 668 3571 Alexis
686 3515 767 3584 frgm.
791 3521 884 3582 loma
914 3517 939 3569 II
969 3523 1019 3571 355
1049 3519 1209 3583 (α’θιίνατος
1238 3507 1348 3589 έυθυ)
1366 3519 1407 3573 all,

215 3633 245 3642 —
266 3604 376 3672 longam
405 3605 572 3670 retinerent,
597 3602 761 3657 factumest
782 3603 891 3657 Homeri
910 3602 1076 3670 Hesiodique
1095 3607 1271 3671 auctoritate,
1297 3622 1406 3674 quorum

213 3695 346 3747 sermonis
376 3692 495 3747 imitatio
525 3691 598 3759 apud
626 3689 792 3757 posteriores
823 3690 880 3744 late
907 3699 986 3758 patet
1017 3707 1104 3758 neque
1134 3692 1216 3746 facile
1245 3709 1407 3764 quemquam

212 3787 356 3846 poetarum
375 3793 487 3849 prorsus
505 3777 616 3843 reliquit
635 3778 767 3830 intactum
787 3778 940 3845 (Hermann
959 3778 993 3831 de
1012 3792 1063 3835 em.
1082 3790 1133 3832 rat.
1153 3795 1194 3846 gr.
1214 3796 1256 3847 gr.
1274 3788 1341 3848 443,
1365 3781 1407 3850 qni

213 3867 296 3921 etiam
312 3865 429 3928 ἶσόθεος
448 3867 572 3934 [Person.
592 3864 627 3918 ad
647 3863 741 3931 Eurip.
762 3864 849 3919 Orest.
869 3870 892 3917 9.
931 3864 1057 3933 Aeschyl.
1077 3866 1152 3920 Pera.
1172 3872 1213 3918 80.
1239 3869 1301 3934 841)
1326 3868 1407 3921 simm.

212 3953 265 4006 buc
284 3954 422 4010 verissime
441 3953 539 4019 traxit3
559 3951 594 4006 ci.
606 3951 784 4024 Ἰσοκράτους
804 3939 918 4018 (uffo-t
938 3951 1051 4006 Strattia
1071 3952 1151 4020 irgm.
1171 3962 1184 4002 α
1204 3953 1218 4008 Ι
1239 3959 1288 4007 112
1298 3956 1351 4025 Κ.)

286 4046 305 4101 ¹)
324 4040 385 4094 Non
412 4042 500 4095 miuus
525 4054 669 4093 mensurae
694 4039 890 4094 adiectivorum
916 4037 1062 4111 ἃδαμαιος
1087 4040 1226 4108 (Aeaebyl
1252 4042 1326 4110 Sept.
1352 4048 1405 4095 215.

212 4127 308 4196 Suppl.
336 4133 381 4182 131
407 4128 470 4184 coll.
495 4129 649 4195 ehoepnor.
674 4134 715 4183 50.
738 4159 766 4166 -
787 4128 884 4194 Errrip.
913 4128 1016 4182 Phoen.
1045 4128 1106 4197 640)
1135 4128 1272 4199 ἀλίμενον
1300 4131 1406 4195 (Aescb.

213 4215 304 4283 Suppl.
317 4217 377 4281 7³4)
391 4215 536 4285 ἇπόλεμον
550 4214 661 4282 (Aeecb.
675 4214 796 4281 Choeph.
816 4217 868 4281 50),
888 4215 1005 4269 nominis
1026 4215 1138 4283 ἀμαθία
1152 4215 1259 4284 (Eurip.
1274 4217 1346 4273 Med.
1359 4222 1405 4270 224

211 4301 353 4372 Hippolyt.
372 4306 444 4368 951).

284 4392 306 4454 ⁸)
325 4388 370 4456 qui
390 4389 454 4442 olim
474 4389 573 4442 similia
592 4394 773 4458 proposuerat
792 4388 929 4457 Tempora
948 4389 1004 4443 und
1024 4391 1100 4445 bladi
1122 4397 1170 4444 144
1194 4392 1228 4445 de
1247 4396 1404 4466 σοφώτερος

212 4478 343 4544 ,furatae
364 4477 562 4546 δολιχήρειμος
582 4476 652 4530 aliis.
675 4505 703 4513 -·
723 4477 780 4529 Zur
799 4476 868 4529 la'rit.
888 4475 913 4530 d.
933 4487 1062 4531 nearesten
1082 4477 1206 4544 Spracbs.
1228 4486 1269 4533 ol.
