2940 5026
694 220 908 284 ..30-

203 412 335 476 missum
350 409 549 494 novimns;¹)
566 407 831 490 pronuntiatione
847 406 926 471 nibil
939 392 1133 473 differebant
1148 427 1168 473 a
1185 410 1401 495 Κυπρογένηα

203 514 317 581 Medea
349 519 426 578 cett.
450 532 534 594 qnae
565 543 584 599 η
615 531 656 578 ex
687 539 714 577 ει
738 517 844 576 ortum
873 512 995 578 habere
1025 513 1120 578 modo
1151 513 1302 580 diximus.
1336 513 1400 579 ion.

203 621 345 708 ἀληθηιή
369 626 403 684 et
425 620 490 684 alia
521 619 635 684 eadem
666 618 794 683 ratione
818 636 836 681 e
864 618 1046 685 nominibus
1068 619 1102 684 in
1126 647 1181 705 -ης
1204 619 1305 685 ducta
1327 619 1401 684 sub·

202 727 306 792 lastae
334 725 409 790 fidei
439 731 532 805 sunt,
564 730 601 790 ut
629 722 761 791 videtur
791 741 811 786 a
840 723 1062 804 grammaticis
1093 725 1164 793 sive
1193 724 1336 791 librariis
1369 725 1401 790 in

203 828 444 895 similitudinem
478 828 655 893 formarum
689 826 786 908 longe
822 826 917 892 aliter
960 835 1224 909 comparatarum
1257 830 1400 914 μαντηίη

202 933 355 1019 βασιληίη
380 933 519 998 detorta.

176 1109 182 1122 ‚
230 1058 232 1065 ’
289 1039 406 1124 Χέρηα
430 1057 455 1102 s·
471 1040 582 1123 χέρεια
606 1037 700 1121 χέρηι
716 1037 831 1122 χέρηες
853 1037 1140 1104 nundesoenduni
1158 1057 1179 1103 a
1198 1036 1401 1106 nominativo

202 1144 319 1210 ficticia
353 1144 450 1228 χέρης
485 1141 540 1221 qui
573 1140 607 1205 in
639 1139 753 1222 lingua
786 1140 895 1207 nullus
933 1140 1052 1207 extitit.
1098 1141 1219 1222 Utique
1253 1142 1402 1224 suspicor

201 1248 412 1315 rescribenda
435 1265 508 1311 esse
530 1247 641 1331 χέρεια
665 1247 769 1331 χέρειι
790 1247 923 1330 χέρειες.
963 1246 1026 1311 Est
1049 1247 1134 1314 enim
1157 1247 1401 1329 comparativus

201 1352 321 1420 rancis
344 1351 512 1417 cuiusdam
535 1349 662 1435 pepe-²)
694 1348 906 1429 nitefactus,
938 1349 1085 1416 adhibita
1114 1350 1265 1418 breviore
1295 1349 1401 1416 suffixi

202 1460 307 1524 lbrma
330 1455 422 1540 ‹is-³)
446 1474 542 1535 quam
566 1454 719 1537 colligere
747 1472 919 1536 possumus
943 1475 962 1519 e
984 1456 1194 1536 superlativis
1216 1456 1250 1521 in
1275 1482 1402 1533 -ισ-τος

74 1634 93 1641 ,
202 1562 436 1642 desinentibus
461 1581 479 1625 e
502 1561 640 1627 flexione
665 1562 760 1640 πλέα,
786 1561 892 1638 πλέες,
924 1563 1022 1640 πλέας
1046 1561 1153 1648 (form.
1177 1561 1270 1644 prim.
1296 1569 1399 1640 nisse,

204 1676 307 1745 πλειες
342 1696 363 1720 =
398 1674 567 1744 nis-tu-n,
605 1665 795 1749 πλε-ισ-ες),
831 1684 872 1730 ex
906 1665 1062 1755 adverbio
1100 1666 1255 1734 ὅπισ-θεν
1292 1666 1400 1752 (quusi

202 1772 301 1837 ablat.
319 1769 565 1854 comparativi),
590 1788 608 1833 c
630 1768 742 1835 latinis
764 1769 883 1853 acopis,
907 1770 1074 1854 caepisse,
1097 1790 1115 1834 e
1138 1770 1255 1853 gotiois
1273 1769 1399 1854 jubias,

201 1875 373 1960 maarapiao
396 1880 488 1938 cett:
505 1900 685 1958 χερε-ισ-α,
709 1900 865 1958 pepe-eoo
887 1873 908 1939 i.
925 1893 952 1938 s.
970 1893 1088 1956 graece
1109 1874 1258 1959 (vetusta
1274 1876 1399 1961 aetate)

201 1981 330 2065 χέρεια,
360 1980 508 2067 passast)
553 1979 656 2063 χέρειι
679 1981 858 2064 (ἐὺχέρειες
888 1978 1043 2059 rhapsodi
1074 1984 1110 2044 ut
1132 1979 1266 2045 auribus
1292 2006 1332 2044 ειι
1358 2005 1398 2043 ets

201 2063 451 2166 reprobantibus
486 2083 662 2148 satisfieret
691 2084 725 2149 in
755 2085 849 2170 χέρηι
873 2089 906 2148 et
928 2085 1043 2169 χέρηες
1067 2089 1245 2167 mutarunt,
1270 2084 1399 2169 under]

200 2188 405 2254 librariorum
429 2188 554 2254 mossria
577 2188 698 2269 passim
722 2189 820 2255 etiam
844 2188 877 2254 in
898 2188 979 2254 alios
1003 2207 1098 2254 casus
1114 2208 1186 2255 sese
1209 2187 1397 2255 insinuavit.

290 2292 407 2360 advoca
439 2292 508 2361 sive
540 2292 675 2359 τᾶνθεια
707 2293 793 2373 quod
824 2291 924 2358 affert
950 2312 991 2358 ex
1025 2292 1191 2375 Aristopb.
1223 2293 1304 2357 Acb
1337 2295 1398 2358 869

202 2399 385 2464 Beermann
410 2398 459 2482 (O.
485 2398 576 2463 Stud.
601 2398 651 2463 IX
674 2399 731 2483 44)
763 2397 875 2480 procul
907 2397 1003 2465 dubio
1034 2415 1098 2462 non
1122 2396 1207 2462 idem
1239 2397 1397 2477 estquod

202 2502 366 2586 ἄνθερήα.
403 2504 469 2568 Nec
492 2502 596 2584 plagis
620 2502 652 2566 in
675 2503 737 2567 bac
760 2522 796 2566 re
819 2502 862 2566 ad
885 2501 1104 2575 testimonium
1129 2500 1240 2569 vocati
1263 2507 1399 2582 possunt

202 2608 473 2692 ldlvrlaylevrlu'w,
506 2606 795 2691 ΑΙῦ]τομειιῙε[ιιΊω
825 2606 940 2671 Colliiz
970 2627 1018 2672 ΠΡ.
1043 2608 1107 2671 bib
1139 2605 1292 2689 (boeot),
1325 2605 1398 2671 olim

201 2715 242 2778 ab
266 2713 426 2778 Ahrensio
452 2712 500 2796 (ll
524 2714 588 2776 526
612 2714 675 2797 sq.)
698 2711 859 2777 inumerito
883 2712 1094 2790 addubitata,
1120 2728 1203 2790 quae
1227 2729 1247 2775 a
1270 2710 1398 2776 Blassio

202 2817 440 2901 (Ausspracbe3
459 2817 516 2901 bb)
541 2821 575 2880 et
597 2815 816 2882 dobanssonio
841 2815 914 2900 (ΒΒ
937 2815 1000 2880 XV
1027 2816 1102 2897 18])
1128 2839 1155 2878 ει
1178 2832 1219 2878 ex
1244 2844 1262 2898 η
1286 2819 1398 2879 natum

273 3032 293 3090 ¹)
310 3028 343 3083 G.
363 3026 471 3096 Meyer⁹
494 3026 509 3095 ξ
536 3031 581 3078 tlt
609 3040 634 3092 p.
664 3028 711 3076 133
731 3039 769 3090 sq.
807 3023 965 3096 Νιρρείδων
993 3020 1106 3075 Bcchtel
1136 3021 1239 3076 lnsebr.
1269 3020 1318 3075 eles
1342 3022 1397 3090 jon.

201 3112 266 3167 dial.
286 3112 361 3165 rusb
388 3119 429 3168 21.
448 3143 482 3151 -
502 3114 534 3166 In
560 3111 607 3165 illo
631 3110 711 3165 titulo
736 3108 840 3164 aeolico
865 3106 972 3175 (Collitz
995 3106 1057 3174 tto)
1082 3108 1159 3161 iuxta
1185 3106 1317 3174 leguntur
1342 3112 1397 3162 ἐπι-

200 3205 302 3272 ¹scriptu
330 3208 358 3254 et
386 3221 544 3273 ῑιρυτανιμα
568 3198 659 3265 (form.
683 3197 762 3264 prim.
788 3193 980 3268 novtuvpflr'c).
1026 3193 1226 3248 Pronuntiandi
1262 3210 1322 3249 mos
1355 3195 1398 3263 qui

200 3296 265 3341 tunc
290 3286 421 3352 temporis
445 3292 537 3339 aetate
564 3285 691 3339 Romana
717 3279 858 3335 obtinebat
892 3288 1038 3350 utrumqne
1062 3281 1158 3349 opinor
1183 3295 1233 3350 per
1258 3281 1360 3336 nudum
1384 3306 1396 3347 ρ

200 3373 368 3442 proferebat.
401 3372 460 3439 Quo
482 3371 589 3426 facilius
608 3369 760 3425 scribentes
778 3367 870 3423 induci
889 3372 1049 3436 potuerunt,
1068 3377 1098 3424 ut
1117 3373 1256 3440 tarpeiae
1276 3370 1321 3435 (=
1341 3373 1398 3424 ἐπι-

199 3463 309 3531 μέλεια)
328 3475 436 3529 quoqne
456 3483 465 3512 ι
485 3458 642 3514 adulterino
662 3456 807 3512 donarent.

271 3550 292 3617 ²)
308 3554 427 3622 χερείων
452 3549 468 3602 i.
493 3562 515 3602 e.
532 3553 672 3619 pepe-twa.
710 3543 809 3598 Itidem
834 3546 940 3617 ιῖρείων
967 3569 999 3587 =
1023 3548 1148 3620 ‹ips-tom.
1187 3561 1237 3619 αρε
1261 3545 1349 3603 habes
1372 3545 1398 3598 in

201 3640 322 3712 ἀρέσκω,
342 3638 448 3710 (ἐρωή.
485 3654 535 3710 αρε
555 3636 589 3690 da
611 3634 756 3689 Satrssurio
781 3640 824 3688 est
849 3640 927 3709 αρΑς
953 3635 985 3703 Α,
1009 3632 1081 3704 qnod
1105 3635 1167 3691 aliis
1191 3633 1398 3704 insequentibus

200 3724 339 3780 vocalibus
358 3724 436 3793 quasi
462 3720 639 3790 absorbetur,
664 3729 729 3776 ante
752 3724 808 3775 iet
819 3722 838 3791 j
861 3723 967 3777 servari
992 3727 1115 3792 constet;
1139 3723 1174 3779 cf.
1198 3728 1399 3797 treta-smapoc

199 3819 227 3867 et
253 3810 468 3867 Hnebscbmann
496 3809 589 3878 Indog.
618 3808 806 3879 Vooalsyetem
835 3815 876 3864 24.
914 3813 1033 3884 α’ρείωνε
1066 3815 1182 3887 ἄριστος
1213 3836 1246 3855 =
1271 3817 1399 3867 saunas.-

201 3904 380 3963 xalvcecsm.
425 3898 496 3953 Nem
530 3898 711 3968 comparativi
746 3896 825 3951 initio
859 3896 910 3952 sibi
945 3899 1094 3967 poscebant
1125 3897 1267 3953 fortiorem
1299 3897 1398 3952 radicis

200 3989 317 4056 speciem
331 3988 411 4061 (αρε),
431 3987 592 4055 superlativi
606 3985 778 4041 debilitatam
792 3985 856 4060 (up).
885 3984 927 4042 Οἵ.
942 3990 1067 4052 diffluas:
1087 3991 1240 4058 ὀλίγιστος,ι
1260 3994 1398 4062 septenum:

200 4076 349 4148 κράτιστος
368 4083 395 4129 et
414 4076 563 4148 κάρτιστος
582 4090 596 4129 e
615 4073 714 4143 ortibus
732 4073 826 4129 formis
851 4066 944 4150 napa-²
957 4076 1020 4131 binc
1044 4075 1107 4130 inde
1132 4076 1216 4131 etiem
1235 4074 1272 4129 ad
1290 4090 1398 4143 compa·

200 4163 318 4228 sativum
337 4160 481 4217 transferri
500 4161 629 4220 videmus.
666 4163 799 4236 accprjor,
818 4179 958 4239 κιιρσσων,
980 4162 1053 4218 unda
1071 4171 1136 4217 oret.
1156 4164 1322 4236 καριόνανς,
1341 4162 1398 4216 dor.

200 4251 321 4327 κιίῤῥων.

272 4343 292 4404 ⁸)
307 4339 401 4407 foetida·
420 4340 448 4403 (e
465 4338 609 4407 ferd-fo§):
631 4339 726 4405 sedni«
752 4340 777 4404 (e
794 4341 928 4409 ssd-uuju)
948 4366 980 4383 =
1006 4344 1090 4394 πλείω
1116 4340 1142 4405 (θ
1162 4343 1303 4407 ultronei:
1329 4344 1397 4394 πλέα

200 4432 229 4492 (e
248 4427 367 4496 πλεισα).
404 4425 444 4482 Gi.
464 4424 525 4481 Joh.
547 4425 671 4481 Schmidt
690 4426 745 4480 KZ.
765 4426 858 4482 XXVI
872 4432 924 4480 ‘bil
946 4443 1003 4495 sqq.

271 4517 292 4585 ⁴)
312 4515 409 4571 Collitz
429 4515 483 4570 BB.
503 4514 527 4566 X
547 4519 631 4567 30dn.
652 4513 741 4567 Aliter
760 4512 880 4568 blnhlov
899 4514 973 4569 AEO
992 4521 1033 4567 ta.
1060 4514 1394 4571 salamantinam.
