2940 5026
535 250 749 313 ..89-

41 445 165 528 cartre»
201 441 361 520 ιὀάζοοσιι
391 442 545 522 leguntur
575 460 602 505 c.
632 440 741 520 75ies,
777 458 906 520 semper
937 467 949 504 ι
979 439 1084 505 vocali
1114 440 1146 505 iu
1178 441 1245 506 arsi

37 547 165 630 posita;
204 546 239 611 in
272 545 358 610 thesi
395 544 562 611 invenitur
596 574 607 609 ι
642 544 835 625 productum
870 562 934 609 uuo
972 544 1044 609 loco
1079 544 1242 610 homerico

38 655 71 717 Ω
94 653 159 718 6οῘ
193 649 344 736 ἰσάσκετο
374 648 460 730 quod
483 649 530 714 ad
557 646 628 725 ἶσος
658 647 756 731 (lorice
778 678 800 703 =
824 649 940 735 ἰσάζω)
971 648 1137 731 pertinere
1166 649 1243 715 mihi

40 775 101 840 pro
117 755 290 838 explorato
314 761 366 819 est
375 754 400 838 1)
425 759 459 818 et
481 753 570 834 apud
584 753 764 819 Hesiodum
788 753 872 835 Opp.
898 756 958 818 701
985 753 1151 836 Theogon.
1168 756 1242 819 638.

39 860 201 927 Dubitari
223 859 257 926 in
280 859 451 942 proecdcsi
473 876 590 925 nomen
610 851 696 924 Ἰσον
718 865 754 925 Λ
773 861 832 924 101
857 877 929 924 cum
947 855 1017 936 ἶσος
1039 876 1243 940 componere,

40 965 129 1048 quod
153 970 244 1030 recte
266 964 389 1030 factum
413 982 486 1030 esse
510 963 749 1030 demonstravit
770 963 810 1028 E.
832 964 944 1029 Maass
967 964 1106 1029 Hermes
1128 961 1244 1027 XXIV

39 1072 116 1136 646.
153 1071 307 1136 ἰσάσκετο
337 1069 399 1135 sic·
414 1068 608 1135 collocatum
638 1073 738 1150 poeta
759 1067 833 1133 ideo
857 1067 1003 1148 admisit,
1034 1067 1120 1148 quod
1148 1066 1245 1132 aliter

40 1175 155 1242 versui
185 1174 294 1257 aptari
328 1192 392 1238 uon
425 1172 540 1254 potuit.
595 1174 687 1257 Quae
717 1191 789 1238 cum
822 1171 870 1237 ita
906 1171 972 1237 sint
1004 1172 1092 1238 haud
1125 1171 1242 1254 impro-

40 1279 182 1345 babilem
206 1279 289 1344 duco
324 1277 363 1344 G.
393 1277 519 1360 Meyeri
553 1277 773 1344 coniecturam
807 1276 890 1360 (BB.
920 1278 949 1341 V
982 1280 1053 1344 184.
1085 1277 1142 1343 Gr.
1166 1276 1244 1343 Gr.⁹

45 1383 66 1469 ξ
97 1382 174 1468 268)
198 1383 291 1462 ἴσσος
321 1382 452 1449 exarari
481 1382 672 1468 iubentis,³)
704 1389 741 1448 ut
769 1382 829 1448 flat
857 1382 975 1464 positio
1006 1383 1243 1464 quodammodo

49 1485 163 1552 debilis
190 1506 292 1569 quae,
328 1487 355 1552 si
385 1485 418 1552 irr
450 1485 597 1553 thesibus
628 1487 751 1555 vocalis
785 1507 844 1569 pro
874 1487 974 1571 longa
1004 1495 1072 1571 est,
1108 1487 1242 1554 auribus

47 1591 134 1656 baud
156 1591 201 1657 ita
232 1590 315 1657 satis
344 1591 454 1656 faciat.
505 1591 575 1656 Nisi
605 1591 690 1658 forte
719 1591 792 1673 ipsa
822 1591 1013 1674 incorrupta
1033 1595 1143 1677 ρι’σρος
1165 1597 1242 1657 cett.

43 1695 186 1761 Homero
217 1694 394 1761 restituere
424 1695 546 1776 marie,
578 1714 674 1777 quam
704 1696 866 1762 rationem
897 1695 924 1760 si
954 1697 1027 1778 quis
1056 1697 1167 1763 inierit
1192 1715 1243 1762 me

40 1819 106 1866 uon
130 1800 265 1866 habebit
280 1800 506 1866 reluctantem.
535 1802 740 1884 Argumenta
756 1802 872 1884 quibus
888 1802 1036 1884 quaestio
1052 1803 1244 1886 profligetur

40 1905 120 1971 mihi
141 1924 208 1971 uon
231 1911 365 1987 praesto
389 1910 474 1971 sunt.
521 1904 597 1972 Sive
620 1907 681 1972 hoc
704 1907 775 1975 sive
796 1908 877 1975 illud
900 1907 1102 1992 probaveris,
1129 1907 1243 1974 debilis

39 2010 162 2093 positio
185 2011 313 2079 utravis
337 2011 501 2077 sententie
525 2009 646 2093 optime
670 2012 835 2093 explicata
858 2013 929 2080 erit.

131 2116 282 2199 Correpti
303 2117 377 2194 ἶσος
400 2116 583 2198 exemplum
607 2116 770 2182 Homeros
793 2117 933 2201 porrigit
953 2115 1122 2201 nullum.³)

131 2224 161 2286 1.
191 2221 285 2307 Quod
309 2240 460 2305 supremo
483 2223 554 2287 loco
578 2241 652 2288 esse
675 2222 843 2289 volucrem
866 2221 1087 2289 testimonium
1111 2221 1242 2288 dubium

39 2332 116 2392 erat
131 2331 167 2390 et
187 2325 220 2390 iu
237 2324 425 2390 coniectura
447 2324 606 2406 positum3
630 2343 717 2390 nunc
740 2325 837 2391 dubio
865 2327 1003 2392 alterum
1027 2324 1242 2392 certissimum

40 2429 167 2495 addere
190 2434 304 2510 potero
328 2428 423 2495 titulo
447 2427 598 2495 arcadico
622 2447 700 2495 usus
723 2429 909 2512 nuperrime
932 2435 1073 2513 reperto.

132 2531 238 2623 ᾶρήοῃ
273 2532 464 2620 ἀρήσασθαι
502 2532 648 2621 ἠρήσατο
685 2533 850 2622 ἠρήσαντο
884 2536 990 2603 ionica
1025 2553 1097 2600 esse
1135 2534 1245 2616 prodit

41 2639 166 2707 vocalis
198 2669 217 2724 η
250 2637 384 2724 (ἀρᾶται
416 2637 546 2722 epotum
576 2639 708 2705 Homer.
740 2640 843 2728 ἑιιιιριῇ
877 2641 927 2707 tit.
952 2640 1083 2726 Teius);
1115 2639 1243 2723 syllaba

40 2745 144 2828 igitur
172 2744 307 2811 initialis
337 2765 401 2812 uon
432 2749 552 2812 natura
583 2745 635 2830 (L.
660 2746 775 2831 Meyer
805 2745 879 2829 Vgl.
909 2745 965 2812 Gr.
994 2746 1030 2811 ΙΞ
1058 2745 1151 2831 614),
1184 2745 1242 2810 sed

42 2924 73 2976 δὲ
95 2931 154 2981 τοῖς
173 2921 336 2990 οεζολόγοις
355 2922 454 2991 βραχύ.
485 2925 542 2973 mar
557 2919 633 2989 παρὰ
656 2930 714 2980 τοῖς
728 2923 878 2981 ἐποποιοῖς
896 2915 1009 2993 εὕρηται
1024 2928 1069 2974 κιιὶ
1090 2924 1242 2975 συνεσταλ-

40 3016 134 3080 μένον
153 3009 190 3068 ως
208 3009 286 3080 παρὰ
307 3009 489 3078 Καλλιμάχῳ.
510 3008 588 3082 καρὰ
609 3010 640 3064 δὲ
661 3021 719 3070 τοῖς
739 3023 883 3084 τραγικοῖς
903 3019 949 3065 καὶ
969 3023 1106 3083 κωμικοῖς
1125 3015 1242 3067 συστέλ-

40 3103 120 3152 λεται
149 3098 196 3150 dci
230 3093 261 3148 τὸ
285 3116 302 3147 ι.
329 3093 400 3148 κατὰ
429 3095 459 3148 δὲ
491 3098 641 3166 Ιομβικοὺς
667 3101 895 3174 ἐκαμφοοερίζει.
929 3104 1004 3160 Ἴσως
1029 3100 1058 3154 δὲ
1086 3101 1101 3155 ὁ
1126 3099 1242 3167 ποιητὴς

41 3186 176 3253 Δωρικῶς
196 3185 313 3238 ἐκτείνει
333 3180 365 3235 τὸ
385 3182 518 3255 δίχρονον
536 3184 573 3244 ὥς
591 3183 623 3238 τὸ
643 3180 717 3260 ὕδωρ
737 3194 784 3241 καὶ
804 3187 863 3256 dide

507 3279 620 3328 κεῖσθαι
641 3274 688 3328 ὑπ’
707 3277 782 3336 ἰλύος

40 3364 88 3395 mu

555 3411 631 3485 Ἆρες
649 3419 734 3488 Ἆρες·

41 3499 99 3554 Sub
117 3498 200 3554 finem
218 3500 317 3569 ineptit
335 3501 539 3570 grammaticus.

117 3589 136 3655 ¹)
157 3587 233 3640 ἰσιίει
253 3584 344 3641 dorice
362 3594 533 3641 contractum
552 3587 638 3644 habes
663 3588 737 3657 apud
761 3589 928 3660 Hesychium
954 3594 1019 3658 ῑοῆι·
1046 3598 1117 3652 ruer,
1142 3593 1241 3651 ἰσάζει,

39 3675 89 3729 ubi
109 3674 167 3729 cod.
181 3674 324 3744 ledrquod
342 3674 466 3730 boeotiae
479 3692 513 3731 ex
532 3682 727 3733 lanternarum
746 3694 892 3748 perperam
905 3680 1055 3747 opinentur
1073 3678 1240 3754 (Jchansson

39 3762 76 3816 de
94 3777 136 3829 gr.
155 3761 222 3830 ling.
241 3763 317 3817 verb.
337 3762 420 3818 deriv.
439 3770 526 3819 contr.
548 3769 617 3834 170).

114 3850 135 3918 ²)
155 3849 199 3904 Sic
216 3864 267 3917 pro
284 3858 390 3922 pomae
409 3852 613 3908 rescribendum
633 3854 707 3924 apud
726 3856 875 3911 Homerum
888 3861 1012 3925 φρίσσω
1031 3854 1075 3917 (=
1094 3858 1144 3906 att.
1163 3850 1240 3921 ‹pot-

39 3938 100 4008 σοι)
117 3936 187 3990 Fick
206 3939 281 3994 ridit.
309 3939 380 4002 Ἰοος
398 3956 562 4012 epouymum
581 3942 658 3998 urbis
672 3947 747 3995 Ἰοσιι
769 3941 855 3997 fuisse
877 3940 975 3994 conicit
995 3937 1089 3992 Maesa
1113 3938 1206 4002 t'loaa·
1226 3940 1240 4003 »f

46 4031 157 4094 Ιίέσβος
177 4024 208 4078 τὸ
227 4029 368 4099 πρότερον
386 4028 469 4096 Hes).

115 4113 135 4181 ⁸)
154 4115 269 4173 ἰσόθεος
296 4118 443 4189 -ριιρίζειν
475 4118 581 4172 -ιοεδον
611 4117 718 4189 -ιρόρος
747 4136 853 4188 -μορος
881 4130 903 4172 c.
932 4116 1013 4169 acies.
1045 4145 1073 4153 -
1103 4114 1240 4172 Hesiodus

42 4201 115 4256 loies
134 4200 163 4254 in
182 4201 251 4269 arsi,
278 4202 320 4256 bis
347 4203 376 4256 in
404 4203 475 4259 thesi
502 4204 641 4272 producit,
668 4204 782 4270 corripit
810 4204 879 4273 Opp.
910 4208 957 4256 752
985 4204 1014 4258 iu
1040 4218 1120 4258 versu
1148 4205 1241 4271 spurio

39 4289 84 4357 (fr.
107 4292 157 4342 189
171 4287 242 4357 Ru).
262 4318 294 4327 —
314 4296 343 4344 Α
365 4295 421 4344 105,
444 4296 508 4347 att.
528 4297 577 4345 519
598 4292 666 4346 Ficlr
684 4291 734 4349 Od.
748 4298 781 4345 20
799 4309 848 4361 pro
869 4299 928 4359 ἴσος
947 4300 1022 4348 reete
1036 4299 1114 4358 ἴσσης
1134 4292 1241 4347 dedisse

38 4375 150 4430 videtur
168 4391 202 4430 ex
220 4375 349 4446 Hesychii
368 4377 523 4444 taddeam,-
543 4385 607 4432 loca
626 4403 660 4424 -
679 4380 747 4434 αἶσα
766 4385 794 4434 et
813 4396 872 4434 cum
897 4381 947 4436 lat.
971 4399 1068 4451 aequor
1093 4387 1239 4447 cognatum

39 4464 120 4530 (Iona
138 4482 171 4510 <
192 4463 287 4534 Ὑρία).
325 4464 407 4517 otico:
435 4470 501 4518 icoo
519 4490 552 4509 =
572 4468 709 4535 αἱμοσιιίι
736 4469 857 4534 ἱμοσσιιέ
885 4467 952 4522 Coll.
978 4483 1018 4521 nr.
1046 4472 1128 4533 3862,
1154 4472 1187 4520 26
1207 4491 1239 4511 τ·-

39 4553 142 4621 cappe:
162 4563 237 4621 cypr.
257 4557 425 4621 ιχμαμίνος.
446 4583 480 4591 -
500 4555 558 4620 ἐοσο
578 4552 670 4608 refero
689 4554 762 4610 iuter
780 4556 914 4612 vocabule
933 4555 1059 4612 obscura.
