2956 5018
685 202 925 263 -390-

209 389 309 451 *δῶτε
333 392 367 452 et
389 406 474 467 quae
495 387 659 470 figmentis
680 388 731 454 his
760 388 877 454 similia
898 389 978 471 fingi
1008 388 1135 469 possint
1156 388 1206 454 ita
1228 391 1408 456 abhorrent

208 496 246 556 nt
267 491 309 556 de
334 496 442 569 κλῦτε,
472 492 568 556 modo
590 492 722 557 traditis
745 492 892 573 apicibus
915 490 1098 572 suspicione
1120 511 1247 558 vacuus
1270 493 1307 558 in
1330 499 1404 558 tem·

208 614 287 677 pore
310 594 455 660 diffidere
478 595 639 676 didiceris,
663 596 814 661 dubitare
835 595 981 677 incipias.
1027 596 1130 661 Recte
1151 596 1256 661 habet
1278 599 1407 680 κιῦθιῐ)

208 697 402 763 Archilocho
427 701 478 778 lb,
503 701 522 763 2
547 705 581 764 et
602 699 800 765 Anacreonti
825 702 866 765 76
896 718 960 764 non
984 698 1089 764 minus
1112 701 1289 780 probatum
1313 720 1407 781 quarn

208 799 395 885 Homero,²)
430 806 467 864 at
499 806 591 865 κλῦτε
624 800 806 866 inauditum
839 807 877 865 ut
909 800 995 881 quod
1029 800 1185 882 maxime,
1224 822 1334 884 aeque
1371 824 1407 870 ac

209 910 298 971 esset
327 904 459 981 *κλῦτός
489 904 652 985 κιῦμενος.
660 903 687 987 ³)
738 903 911 986 Ingeniosa
940 904 1125 969 Iohannem
1152 904 1304 971 Schmidt
1336 928 1406 988 pro·

208 1009 391 1075 ductionem
425 1013 576 1089 repetere
609 1007 737 1072 memini
772 1027 793 1072 a
824 1006 1049 1086 ¹contractione
1083 1012 1120 1071 ut
1152 1007 1197 1072 sit
1226 1012 1405 1091 optativus,

208 1119 300 1177 κλῦτε
323 1144 355 1170 <
380 1114 522 1190 *alstra
554 1111 613 1177 sed
641 1110 737 1177 video
767 1110 922 1193 redargui
952 1110 1166 1176 vetustiorum
1198 1131 1262 1177 usu
1292 1115 1405 1181 cniin

207 1217 270 1281 hac
291 1234 328 1280 re
351 1216 440 1280 solus
461 1214 675 1296 imperativus
698 1214 882 1280 conveniat.
928 1215 978 1279 De
1002 1214 1215 1294 productione
1243 1217 1405 1282 credimus

210 1321 454 1405 περισπωμένης
476 1324 575 1385 notae
598 1324 633 1385 et
658 1318 851 1384 testimoniis
880 1326 1051 1399 poetarum
1074 1318 1130 1400 qui
1151 1319 1332 1387 Homerum
1355 1329 1407 1388 sat

208 1426 305 1507 longo
328 1429 483 1490 secuntur
504 1423 689 1503 intervallo,
713 1422 823 1488 Soloni
846 1421 899 1505 (fr.
924 1424 1031 1503 13,12
1054 1452 1077 1477 =
1098 1423 1187 1488 Crat
1206 1427 1235 1504 1,
1253 1426 1274 1488 2
1295 1425 1405 1509 Bergk

16 1525 268 1595 [W
285 1528 365 1613 364)
496 1613 612 1667 Μοῦσαι
632 1613 762 1682 Πιερίδες
785 1613 867 1666 κλῦτέ
885 1633 938 1682 μοι
957 1616 1115 1683 frijondans,

209 1701 352 1767 Pindaro
376 1700 426 1766 Ol.
442 1700 523 1765 XIV
538 1701 569 1780 4,
594 1699 757 1782 Aeschylo
777 1699 920 1780 Choeph.
936 1701 998 1764 387
1024 1718 1120 1779 quem
1141 1700 1206 1766 iam
1222 1701 1265 1766 de
1290 1705 1406 1782 δᾰιζων

210 1804 312 1870 errori
335 1803 507 1869 obnoxium
530 1801 816 1883 deprehendimus,
848 1821 912 1883 qua
940 1821 976 1867 re
999 1802 1114 1868 merito
1145 1803 1199 1869 vel
1223 1803 1352 1871 Solonis
1375 1812 1408 1870 et

209 1907 345 1974 Pindari
373 1907 407 1972 in
437 1904 558 1971 talibus
588 1904 816 1970 auctoritatem
846 1905 980 1989 infringi
1005 1905 1139 1971 iudices.
1189 1907 1285 1973 Unus
1314 1909 1406 1974 nobis

209 2017 324 2077 auctor
352 2009 423 2091 ipse
453 2009 615 2073 Homerus
649 2008 704 2088 qui
736 2008 822 2088 quod
857 2014 949 2074 κλῦτε
982 2029 1048 2075 ιιοιι
1084 2010 1185 2083 habet
1217 2011 1283 2077 nisi
1314 2012 1406 2078 initio

209 2113 406 2197 versuum,⁴)
449 2109 599 2192 protinus
643 2109 802 2176 liberatur
847 2112 944 2194 eulpa
989 2112 1128 2180 vitiosae
1172 2115 1406 2196 productionis,

210 2219 328 2301 quippe
358 2217 409 2282 cui
431 2216 534 2282 invito
563 2214 711 2282 evenerit
738 2220 775 2280 ut
800 2235 875 2281 mox
897 2217 1052 2284 metricae
1073 2217 1227 2283 licentiae
1250 2218 1344 2284 obliti
1367 2237 1407 2284 ne

210 2322 287 2404 quid
310 2319 497 2386 detrimenti
526 2336 642 2386 versus
673 2324 807 2399 caperet
830 2318 924 2385 rrnice
951 2320 1187 2401 prospicientes
1214 2327 1311 2387 κλῦτε
1334 2341 1405 2403 pro-

210 2427 342 2491 ductum
357 2421 505 2503 quamvis
528 2421 718 2504 refragante
733 2423 945 2504 grammatica
968 2423 1190 2489 obtruderent.
1224 2425 1320 2508 Quod
1343 2425 1406 2491 iam

211 2529 278 2594 KZ.
293 2527 426 2592 XXVII
441 2529 503 2591 427
521 2545 553 2590 n.
570 2525 674 2590 obiter
688 2531 860 2606 postquam
883 2527 1064 2609 significavi
1079 2528 1227 2594 ffickium
1250 2535 1287 2594 et
1300 2529 1406 2611 ipsum

211 2633 252 2698 de
267 2629 478 2713 productione
494 2628 713 2694 dubitationes
732 2629 872 2696 movisse
888 2630 1045 2713 comperi;
1070 2631 1125 2712 qui
1139 2637 1250 2697 tamen
1267 2652 1334 2713 qua
1357 2640 1407 2699 est

211 2754 368 2818 perversa
391 2733 538 2799 deictus
560 2731 594 2799 vi
617 2731 765 2814 opinione
788 2732 900 2798 κιύπε
922 2734 1122 2800 armandum
1146 2735 1285 2802 curant.

284 2889 302 2956 ¹)
321 2889 404 2942 κλῦθι
421 2903 473 2955 pro
492 2889 603 2943 ‘alarios
622 2891 653 2940 nt
672 2891 783 2957 ὄμνῖιμι
801 2903 852 2955 pro
872 2889 1017 2958 ’όμνιυμιΙ

282 2979 303 3042 ²)
323 2975 445 3041 Theogn.
464 2982 487 3029 ι.
509 2980 547 3028 1³.
567 2973 645 3030 Pind.
664 2972 698 3029 tr.
719 2975 802 3030 78B.⁴
821 2972 979 3042 Empedocl.
1001 2982 1023 3033 l.
1044 2982 1074 3028 ll
1092 2977 1178 3035 Staio.
1197 2979 1297 3032 dasch.
1311 2980 1405 3047 Suppl.

212 3068 271 3119 3³4.
307 3059 427 3126 Cboepb.
450 3065 505 3114 lae.
537 3060 615 3114 uum.
635 3065 684 3113 319
703 3075 770 3128 quos
788 3059 862 3114 locos
880 3059 968 3114 addas
986 3062 1084 3115 Veitch
1103 3077 1123 3116 a.
1142 3079 1166 3114 v.

283 3148 303 3213 ⁸)
322 3145 398 3200 Nihil
417 3152 514 3198 contra
531 3145 626 3198 valent
643 3159 713 3213 quae
731 3145 895 3200 adferuntur
913 3146 949 3200 ab
966 3147 1103 3202 Osthoftio
1122 3149 1186 3204 MU.
1199 3149 1238 3202 IV
1256 3152 1361 3217 passim
1380 3162 1407 3207 et

211 3250 229 3288 a
246 3232 440 3287 Kretschmero
465 3233 578 3284 Accent·
597 3248 623 3285 u.
642 3231 750 3284 hautot.
769 3236 829 3288 387.
865 3233 952 3284 clueat
975 3231 1065 3285 Plaut.
1086 3233 1159 3289 llam
1178 3239 1228 3288 515
1247 3235 1328 3289 nihili
1346 3251 1406 3291 essa

211 3318 319 3375 docebit
336 3319 459 3385 inspecta
481 3317 524 3370 vel
549 3317 635 3371 Brixii
659 3315 751 3370 editio.
776 3323 839 3371 sert.
863 3321 994 3385 monebo
1020 3319 1052 3374 sl.
1071 3321 1163 3388 clyton·
1181 3319 1285 3375 habent
1304 3334 1323 3375 a
1342 3339 1405 3377 con-

210 3414 328 3462 tractum
347 3421 382 3460 ex
401 3409 419 3458 ιι
439 3409 469 3468 ÷
490 3407 526 3472 A;
551 3406 572 3457 A
593 3420 646 3459 non
665 3402 765 3458 radicis
783 3411 837 3471 est,
863 3404 911 3458 sed
935 3403 1035 3462 suffixi.
1071 3406 1219 3462 ProductIo
1243 3408 1273 3462 in
1297 3412 1405 3478 passivo

208 3495 336 3563 (prepare)
354 3508 409 3546 non
428 3491 490 3546 hnic
509 3490 560 3545 soli
579 3491 662 3545 verbo
681 3489 829 3544 adhibetur
847 3490 895 3545 aed
914 3490 1011 3545 nititur
1028 3491 1125 3558 regula
1137 3493 1260 3560 generali
1281 3495 1354 3550 unde
1372 3495 1405 3550 de

209 3595 274 3634 vera
291 3579 461 3646 singularum
474 3577 596 3632 radicum
615 3576 745 3644 prosodIa
757 3576 826 3631 nihil
843 3577 926 3644 plane
938 3576 1010 3631 effici
1028 3586 1118 3646 queat.
1143 3580 1285 3635 Aliorsum
1298 3590 1405 3650 spectat

209 3682 293 3734 germ.
306 3669 372 3721 llud
383 3665 457 3733 quod
475 3681 535 3719 cum
549 3666 646 3725 κλῠιός
663 3672 810 3733 cognatum
823 3680 882 3719 esse
894 3664 1040 3720 nemodum
1053 3666 1259 3735 demonstravit,
1278 3671 1341 3735 pari
1354 3686 1404 3737 ego

209 3754 268 3808 inre
286 3754 309 3807 si
327 3754 474 3818 notionem,
493 3753 516 3806 si
534 3752 649 3807 formam
669 3761 774 3819 spectes
793 3751 898 3820 potiore
920 3767 981 3806 cnm
1008 3757 1093 3806 alala
1112 3753 1186 3821 (rad.
1205 3758 1275 3824 alfes
1293 3758 1405 3823 proprie

209 3839 366 3905 ‘schreien’,
390 3837 425 3895 ef.
444 3837 518 3905 angl.
537 3848 561 3892 ιο
581 3857 626 3908 erp
645 3837 777 3905 ‘weinen’,
795 3836 880 3892 trane.
900 3841 1003 3909 beupler
1021 3840 1093 3907 qnod
1111 3839 1251 3895 hodiernis
1270 3841 1403 3896 ParisInia

208 3923 280 3979 idem
305 3931 347 3979 est
372 3930 455 3993 atque
480 3924 617 3993 ‘weinen'3
645 3927 791 3994 κλαυθμός
819 3925 919 3981 ldatth.
941 3931 986 3992 13,
1010 3932 1044 3979 42
1071 3927 1271 3996 iuterpretatur
1298 3931 1403 3985 Luther

209 4011 344 4078 ‘Heulenb
363 4011 511 4078 composui.

280 4098 300 4166 ⁴)
319 4106 342 4152 Β
363 4105 395 4153 56
413 4122 446 4142 =
467 4100 480 4157 ξ
499 4104 558 4152 495.
576 4103 661 4156 Est.
686 4099 779 4151 diat.
803 4104 892 4162 ctas.
917 4105 1010 4153 0172.
1041 4100 1164 4155 Eandem
1184 4117 1293 4172 semper
1312 4103 1402 4161 sedem

209 4183 316 4236 obtinet
333 4187 416 4238 κλῦθι
441 4184 513 4253 quod
532 4186 560 4238 in
584 4185 665 4240 huius
689 4185 844 4253 imperativi
867 4187 893 4240 vi
912 4192 995 4254 atque
1018 4204 1068 4241 usu
1093 4205 1148 4243 non
1172 4189 1286 4258 mitum,
1310 4208 1402 4261 quam·

208 4269 354 4324 obcausam
380 4271 435 4324 noli
463 4271 497 4325 de
525 4273 607 4325 aldea
635 4271 792 4340 reponendo
816 4273 886 4326 citra
912 4274 1104 4329 necessitatem
1129 4276 1260 4343 cogitare.
1297 4283 1402 4334 alloes

208 4355 318 4409 novavit
341 4356 416 4410 Ficlr.
436 4388 468 4396 -
488 4358 673 4425 Brugmanum
700 4359 746 4428 qui
775 4359 804 4414 C.
830 4358 906 4414 Stud.
932 4361 970 4413 lV
998 4366 1046 4416 185
1074 4360 1108 4415 de
1132 4365 1216 4416 κλῦθι
1240 4366 1323 4421 κλῦτε
1348 4368 1403 4438 egit

208 4456 372 4498 memorasse
391 4444 457 4500 satia
475 4443 572 4498 habeo.
