2986 5010
689 171 925 236 -372-

198 359 341 446 Ὅμηρος
372 361 446 444 περὶ
479 366 536 446 τῆς
568 360 687 444 Ἑρμοῦ
721 360 842 446 ῥάβδου
872 365 929 447 τῆς
962 365 1086 446 χρυσῆς
1121 360 1224 445 λέγει,
1264 359 1318 424 ὅτι
1355 360 1410 424 κατ’

205 463 341 548 ’ἀνδρῶν
364 462 496 546 ὄμματα
521 463 638 549 θέλγετ’
663 464 703 528 δι’
728 463 829 550 αὐτῆς
859 457 913 529 (ὧν
935 466 1057 541 ἐθέλει,
1089 462 1165 538 τοὺς
1194 462 1224 526 δ’
1249 456 1333 528 αὖτε
1356 466 1413 529 καί

203 568 386 646 ὑπνώοντας
409 568 545 653 έγτέρεί,
570 574 665 634 τοῦτο
690 567 830 653 α’τεχναῑς
854 567 990 655 ὄρχησις
1019 579 1108 634 ποιεῖ
1126 568 1182 630 κατ’
1207 565 1246 630 τὰ
1272 565 1410 649 ὄμματα

204 675 365 757 θέλγουσα
380 674 437 738 καί
459 675 712 760 ἐγρηγορέναι
736 679 899 738 ποιοῦσα
924 670 1254 757 (‘mllnic1·machcnd
1271 671 1343 735 und
1359 690 1408 736 er·

202 777 362 862 halicnd')
371 777 396 862 ¹)
405 779 461 842 κατ’
473 779 684 862 ἐπεγείρουσα
699 777 757 863 την
766 776 910 842 διάνοιαν
923 774 1002 860 πρὸς
1013 778 1134 840 ἕκαστα
1147 781 1208 840 τοῖν
1221 777 1408 856 δρωμένων.

289 881 342 946 Sic
372 882 501 948 demum
531 880 747 964 Hipponactis
777 879 996 962 fragmentum
1027 877 1240 943 absurditatis
1270 879 1407 944 crimine

201 984 312 1050 licebit
332 985 483 1066 liberare,
508 987 549 1051 89
559 986 611 1051 B.⁴
633 1015 655 1038 =
678 986 720 1050 85
743 983 841 1048 Mein.
871 982 974 1068 Ἑρμῆ
995 982 1105 1066 μάκαρ
1128 982 1290 1047 κάτυπνον
1316 980 1407 1060 ον”δάς

203 1088 374 1175 ἐγρησοειυ
396 1089 512 1170 quibus
536 1088 645 1157 verbis
676 1088 703 1152 si
733 1088 900 1170 volgatam
930 1087 1066 1151 Homen'
1094 1087 1405 1168 interpretationem

202 1193 367 1275 sequaris,
404 1194 444 1259 de
480 1195 540 1259 deo
574 1192 776 1273 ineptissime
806 1191 1016 1273 praedicatur
1050 1191 1136 1272 quod
1170 1191 1318 1259 cuiusvis
1350 1191 1402 1271 sit,

202 1296 415 1362 dormientem
439 1316 535 1378 posse
559 1295 829 1378 expergefacere,
862 1313 943 1362 vera
965 1294 1119 1359 Mercurii
1147 1294 1221 1359 laus
1244 1294 1343 1376 inest,
1375 1294 1404 1359 si

201 1417 326 1464 mecum
350 1399 583 1481 explicaveris:
616 1400 678 1463 ‘Du
700 1399 814 1465 weisst
836 1399 910 1464 dem
933 1397 1054 1462 Mbden
1077 1397 1130 1462 die
1152 1397 1341 1479 Mildigkeit
1361 1417 1403 1463 zu

201 1503 464 1568 verscbeuchen.'
511 1502 674 1567 Attendas
708 1501 903 1568 vocabulum
937 1499 1093 1576 κάιυπνιις
1124 1499 1211 1578 quod
1241 1499 1307 1564 diei
1337 1519 1402 1566 nou

201 1605 241 1669 de
265 1605 459 1685 dormiente,
490 1605 549 1669 sed
576 1606 618 1669 de
641 1605 843 1670 somnolento
874 1603 943 1688 (qui
965 1604 1144 1686 μεθυσθιίς
1166 1604 1401 1688 καταφέρεται)

201 1707 297 1772 docet
312 1708 516 1789 participium
544 1726 701 1789 praesens
721 1709 810 1789 apud
824 1709 1062 1774 Parmenonem
1086 1706 1220 1791 (Athen.
1237 1707 1267 1771 V
1285 1710 1399 1789 221&

200 1809 282 1874 chol.
306 1810 357 1875 cd.
381 1811 479 1876 Mein.
502 1831 533 1893 p.
557 1814 618 1877 145
641 1813 681 1876 ir.
707 1817 734 1895 l,
758 1812 795 1896 4)
818 1813 981 1888 κάθυπνος
1004 1810 1045 1889 ὡς
1067 1811 1199 1897 μήκωνα
1226 1811 1401 1895 φάρμακον

200 1915 307 1978 πίνων.
341 1914 509 1980 Habemus
531 1916 632 1999 igitur
653 1916 768 1983 ὑπνώω
791 1918 877 1997 quod
893 1915 1115 1982 desiderativa
1138 1915 1243 1980 utitur
1265 1915 1400 1980 notione

199 2023 234 2081 et
254 2017 362 2083 ὑπιόω
385 2019 471 2099 quod
500 2021 667 2102 volgarem
698 2021 896 2089 substantivi
924 2021 1126 2086 intellectum
1156 2027 1288 2101 servat,
1318 2020 1400 2086 illud

198 2122 290 2188 valet
312 2130 503 2209 κοιμητικῶς
526 2126 628 2208 ἔχειν,
652 2126 713 2191 boc
735 2131 924 2207 κοιμᾶσθαι.
971 2125 1024 2189 Ad
1054 2124 1191 2189 eandem
1222 2128 1399 2204 utrumqne

198 2225 355 2308 originem
393 2229 578 2294 necessario
616 2230 764 2297 revocari
802 2229 1023 2310 Hippocrateo
1060 2228 1206 2292 ὑπιοῦσα
1244 2247 1288 2293 ne
1326 2229 1399 2309 quis

198 2329 357 2413 opinetur,
383 2332 566 2397 meminerit
587 2334 674 2399 haud
697 2352 773 2398 raro
795 2333 829 2398 in
852 2332 943 2398 libris
959 2332 1174 2400 vetustiorum
1196 2331 1264 2412 legi
1289 2333 1400 2416 ι’δροῦι

198 2431 308 2517 ῥιγοῦν
330 2441 445 2515 aperte
469 2442 632 2518 corrupta,
658 2455 741 2517 quae
769 2443 807 2501 ut
828 2436 890 2501 n'te
914 2436 1090 2500 contractis
1115 2437 1211 2518 ὶδρῶν
1234 2436 1334 2521 ῥιγῶν
1355 2437 1398 2502 de

196 2537 266 2602 loco
290 2538 408 2603 cedere
431 2539 533 2604 critici
556 2540 670 2606 merito
693 2540 821 2621 iubent,
853 2539 900 2604 sic
921 2539 1066 2604 ὑπιοῦσα
1090 2558 1218 2620 quoque
1241 2539 1399 2606 facillima

196 2641 376 2706 mutatione
399 2640 432 2707 in
448 2642 611 2725 integrum
633 2644 821 2709 restitutum
837 2649 896 2708 est.
929 2643 1023 2726 Quod
1046 2662 1118 2708 cum
1132 2643 1180 2708 ita
1203 2644 1256 2725 sit,
1281 2645 1398 2724 siquis

195 2743 334 2809 ὑππόειυ
360 2752 495 2826 propter
526 2753 560 2811 et
586 2747 726 2813 notionis
757 2753 792 2812 et
820 2747 944 2812 formae
975 2747 1229 2828 discrepantiam
1260 2767 1397 2814 numero

196 2848 510 2914 denominativorum
541 2850 575 2915 in
608 2851 668 2916 -ὀω
701 2851 906 2917 eximendum
941 2851 1069 2916 omnino
1105 2868 1177 2915 esse
1207 2851 1396 2933 coniecerit,

195 2952 274 3017 nibil
298 2953 394 3034 plane
417 2953 492 3018 huic
519 2954 696 3035 suspicioni
723 2955 842 3036 poterit
870 2955 941 3020 iure
972 2954 1142 3038 obverti.²)
1189 2954 1396 3036 Quamquam

195 3057 379 3138 praesentis
414 3057 627 3125 desiderativi
661 3058 818 3140 originem
852 3063 944 3123 certa
980 3057 1196 3138 explicatione
1225 3057 1396 3125 illustrare

196 3181 260 3223 non
291 3163 367 3224 mibi
395 3161 541 3243 contigit.
588 3161 779 3244 Cogitabam
810 3161 1008 3241 aliquamdiu
1036 3161 1292 3241 comparandum
1321 3182 1395 3228 esse

195 3260 315 3327 Suidae
346 3263 386 3347 (s.
417 3285 449 3331 v.
481 3264 577 3349 ἄθρει
608 3267 679 3332 coll.
712 3267 848 3349 Gregor.
879 3266 952 3332 Cor.
982 3266 1033 3331 ed.
1064 3265 1192 3331 Schael.
1221 3268 1285 3332 378
1310 3269 1394 3354 not.)

268 3403 490 3476 1)ἐγρηγόροιον
509 3401 541 3456 τὸ
561 3404 690 3458 ποιοῦν
716 3406 960 3476 ἐγρηγορέναι,
986 3408 1041 3456 εἴτε
1067 3405 1166 3476 βρῶμα
1192 3408 1247 3457 εἴτε
1271 3407 1342 3459 ἄλλο
1366 3427 1393 3459 τι

194 3489 332 3541 τοιοῦτον.
368 3491 549 3560 Φερεκράτης
571 3489 615 3556 (fr.
635 3488 717 3543 2081
743 3489 846 3555 203K.)
870 3491 1074 3563 ἐγρηγόρσιον,
1104 3497 1230 3544 τουτέστι
1258 3508 1391 3544 παυστ-

194 3573 332 3626 νύοταλον
350 3573 414 3627 ΕΜ.
434 3580 493 3643 312,
516 3581 555 3633 18.

264 3662 285 3725 ²)
304 3658 474 3729 Quamquam
493 3661 577 3716 solius
596 3662 716 3717 notionis
735 3660 918 3717 differentiam
944 3679 993 3731 per
1016 3679 1046 3717 oe
1071 3679 1126 3717 non
1152 3662 1295 3731 sulficere,
1320 3666 1392 3719 unde

194 3746 297 3799 οπνώω
317 3763 334 3800 a
353 3755 504 3803 ceterorum
530 3765 614 3817 grege
637 3750 833 3804 secernendum
858 3749 997 3817 conligas,
1026 3766 1078 3804 non
1105 3765 1187 3819 nego;
1212 3768 1275 3804 nam
1295 3753 1391 3807 eadem

193 3829 349 3887 differentia
368 3837 484 3890 recurrit
502 3837 531 3889 in
549 3836 609 3903 ipso
627 3835 811 3903 substantivo,
835 3851 888 3888 non
911 3835 992 3890 modo
1017 3836 1091 3904 apud
1114 3838 1253 3892 Romanoa
1276 3843 1390 3904 (‘somno

192 3918 319 3988 fameque
338 3924 497 3990 urguentur’
516 3922 608 3980 luven
623 3921 661 3975 Vl
681 3926 742 3988 42⁴)
761 3929 789 3975 et
809 3930 953 3990 nostrates,
973 3925 1161 3978 verumetiam
1181 3925 1256 3993 apud
1269 3926 1390 3981 Graecos

190 4000 290 4072 (ὕπνος
315 4009 402 4062 πόνοι
429 4028 457 4063 τε
483 4012 576 4083 κύριοι
607 4009 771 4078 συνωμόται
793 4009 891 4063 nosch.
911 4009 990 4062 Eum.
1013 4017 1079 4077 lus).
1116 4011 1157 4067 Of.
1180 4032 1201 4081 μ
1222 4018 1282 4066 281.
1312 4021 1341 4068 K
1356 4020 1389 4068 98

192 4093 311 4162 καμάτῳ
331 4095 466 4160 ἀδηκότες
485 4095 534 4160 η’δὲ
554 4101 600 4148 καὶ
628 4088 707 4166 ὕπνῳ
732 4092 779 4148 ubi
798 4095 969 4150 Aristonicus
993 4101 1033 4151 ἔτι
1059 4099 1089 4152 cl
1117 4106 1162 4151 καὶ
1188 4100 1242 4152 νῦν
1266 4103 1389 4170 λέγομεν

193 4171 285 4230 ὕπνου
303 4178 411 4248 μεστὸν
431 4184 465 4234 od
483 4181 532 4235 τὸν
556 4183 750 4246 ἐξυπνωκότα,
775 4181 845 4235 abac
871 4181 922 4237 τὸν
945 4186 1017 4237 πολύ
1036 4205 1062 4237 τι
1082 4186 1244 4240 ὑπνωτικὸν
1264 4190 1294 4241 ἐν
1314 4189 1388 4256 αὐτῷ

192 4266 300 4332 ἔχοντα.
337 4267 393 4320 Alii
417 4268 488 4322 msle
514 4269 573 4322 κατ’
601 4272 776 4340 ἄντίιγιρασιν
802 4270 989 4339 explicarunt,
1016 4274 1136 4343 καμάτῳ
1164 4280 1210 4325 καὶ
1240 4275 1388 4345 αγρυπνὶρ

190 4349 247 4403 sch.
267 4351 313 4418 BQ
331 4374 353 4423 μ
372 4358 421 4406 281
442 4354 513 4409 unde
531 4356 653 4422 corrigas
672 4354 801 4424 Hesycbii
821 4357 909 4410 οπνώ·
929 4360 1073 4428 κοιμιόμαι
1094 4355 1108 4425 i
1128 4360 1283 4429 σγρυπνῶ,
1313 4373 1384 4427 qnae

190 4437 283 4504 glossa
296 4437 458 4494 dissecantis
476 4441 504 4494 in
517 4442 594 4510 duas,
615 4445 702 4497 ῠττνώ’
722 4447 867 4514 κοτμῶμαι
887 4452 915 4498 et
935 4439 1014 4499 ῧττνω
1034 4445 1061 4512 (i.
1075 4459 1098 4501 e.
1112 4439 1209 4515 inermi·
1230 4449 1384 4517 α’γρυττνίρ.
