<?xml version="1.0" encoding="UTF-8"?>
<!DOCTYPE html PUBLIC "-//W3C//DTD XHTML 1.0 Transitional//EN"
    "http://www.w3.org/TR/xhtml1/DTD/xhtml1-transitional.dtd">
<html xmlns="http://www.w3.org/1999/xhtml" xml:lang="en" lang="en">
 <head>
  <title>
</title>
<meta http-equiv="Content-Type" content="text/html;charset=utf-8" />
  <meta name='ocr-system' content='tesseract 3.04.00' />
  <meta name='ocr-capabilities' content='ocr_page ocr_carea ocr_par ocr_line ocrx_word'/>
</head>
<body>
  <div class='ocr_page' id='page_1' title='image "./quaestionesepca00schugoog_0026.png"; bbox 0 0 2940 5026; ppageno 0'>
   <div class='ocr_carea' id='block_1_1' title="bbox 579 198 793 260">
    <p class='ocr_par' dir='ltr' id='par_1_1' title="bbox 579 198 793 260">
     <span class='ocr_line' id='line_1_1' title="bbox 579 198 793 260; baseline 0.005 -18"><span class='ocrx_word' id='word_1_1' title='bbox 579 198 793 260; x_wconf 63' lang='lat'>...13-</span> 
     </span>
    </p>
   </div>
   <div class='ocr_carea' id='block_1_2' title="bbox 77 382 1381 4530">
    <p class='ocr_par' dir='ltr' id='par_1_2' title="bbox 81 382 1284 1403">
     <span class='ocr_line' id='line_1_2' title="bbox 83 382 1284 465; baseline 0 -13"><span class='ocrx_word' id='word_1_2' title='bbox 83 382 412 452; x_wconf 83' lang='lat' dir='ltr'>commentationibus</span> <span class='ocrx_word' id='word_1_3' title='bbox 451 383 585 465; x_wconf 88' lang='lat' dir='ltr'>quibus,</span> <span class='ocrx_word' id='word_1_4' title='bbox 625 402 821 464; x_wconf 84' lang='lat' dir='ltr'>quamquam</span> <span class='ocrx_word' id='word_1_5' title='bbox 860 384 963 451; x_wconf 89' lang='lat' dir='ltr'>multa</span> <span class='ocrx_word' id='word_1_6' title='bbox 996 392 1031 450; x_wconf 94' lang='lat' dir='ltr'>et</span> <span class='ocrx_word' id='word_1_7' title='bbox 1063 385 1097 451; x_wconf 90' lang='lat' dir='ltr'>in</span> <span class='ocrx_word' id='word_1_8' title='bbox 1134 384 1284 454; x_wconf 82' lang='lat' dir='ltr'>diversas</span> 
     </span>
     <span class='ocr_line' id='line_1_3' title="bbox 82 479 1284 571; baseline 0 -16"><span class='ocrx_word' id='word_1_9' title='bbox 82 495 198 571; x_wconf 89' lang='lat' dir='ltr'>partes</span> <span class='ocrx_word' id='word_1_10' title='bbox 221 488 262 552; x_wconf 93' lang='lat' dir='ltr'>de</span> <span class='ocrx_word' id='word_1_11' title='bbox 284 492 355 552; x_wconf 89' lang='lat' dir='ltr'>toto</span> <span class='ocrx_word' id='word_1_12' title='bbox 385 487 456 553; x_wconf 91' lang='lat' dir='ltr'>loco</span> <span class='ocrx_word' id='word_1_13' title='bbox 487 488 748 570; x_wconf 79' lang='lat' dir='ltr'>edisseruerunt,</span> <span class='ocrx_word' id='word_1_14' title='bbox 782 494 894 554; x_wconf 88' lang='lat' dir='ltr'>tamen</span> <span class='ocrx_word' id='word_1_15' title='bbox 924 479 953 552; x_wconf 91' lang='lat' dir='ltr'>si</span> <span class='ocrx_word' id='word_1_16' title='bbox 983 508 1024 553; x_wconf 86' lang='lat' dir='ltr'>ex</span> <span class='ocrx_word' id='word_1_17' title='bbox 1056 489 1170 570; x_wconf 87' lang='lat' dir='ltr'>paucis</span> <span class='ocrx_word' id='word_1_18' title='bbox 1199 492 1284 569; x_wconf 82' lang='lat' dir='ltr'>quae</span> 
     </span>
     <span class='ocr_line' id='line_1_4' title="bbox 82 591 1283 675; baseline 0.002 -17"><span class='ocrx_word' id='word_1_19' title='bbox 82 591 246 674; x_wconf 88' lang='lat' dir='ltr'>usquead</span> <span class='ocrx_word' id='word_1_20' title='bbox 269 596 416 656; x_wconf 86' lang='lat' dir='ltr'>nostram</span> <span class='ocrx_word' id='word_1_21' title='bbox 431 592 619 658; x_wconf 81' lang='lat' dir='ltr'>memoriam</span> <span class='ocrx_word' id='word_1_22' title='bbox 643 597 866 674; x_wconf 89' lang='lat' dir='ltr'>pervenerunt</span> <span class='ocrx_word' id='word_1_23' title='bbox 885 598 975 657; x_wconf 89' lang='lat' dir='ltr'>recte</span> <span class='ocrx_word' id='word_1_24' title='bbox 996 591 1150 658; x_wconf 79' lang='lat' dir='ltr'>aestimes</span> <span class='ocrx_word' id='word_1_25' title='bbox 1166 612 1283 675; x_wconf 90' lang='lat' dir='ltr'>parum</span> 
     </span>
     <span class='ocr_line' id='line_1_5' title="bbox 82 693 1282 778; baseline 0.003 -19"><span class='ocrx_word' id='word_1_26' title='bbox 82 693 262 777; x_wconf 79' lang='lat' dir='ltr'>profecisse</span> <span class='ocrx_word' id='word_1_27' title='bbox 296 693 459 759; x_wconf 79' lang='lat' dir='ltr'>uidentur.</span> <span class='ocrx_word' id='word_1_28' title='bbox 506 696 544 760; x_wconf 91' lang='lat' dir='ltr'>In</span> <span class='ocrx_word' id='word_1_29' title='bbox 580 699 769 766; x_wconf 88' lang='lat' dir='ltr'>universum</span> <span class='ocrx_word' id='word_1_30' title='bbox 807 697 884 778; x_wconf 89' lang='lat' dir='ltr'>quid</span> <span class='ocrx_word' id='word_1_31' title='bbox 918 697 1082 763; x_wconf 82' lang='lat' dir='ltr'>senserint</span> <span class='ocrx_word' id='word_1_32' title='bbox 1118 697 1160 762; x_wconf 91' lang='lat' dir='ltr'>de</span> <span class='ocrx_word' id='word_1_33' title='bbox 1196 697 1282 764; x_wconf 91' lang='lat' dir='ltr'>inso-</span> 
     </span>
     <span class='ocr_line' id='line_1_6' title="bbox 81 797 1283 884; baseline 0.002 -21"><span class='ocrx_word' id='word_1_34' title='bbox 81 797 276 865; x_wconf 80' lang='lat' dir='ltr'>lentioribus</span> <span class='ocrx_word' id='word_1_35' title='bbox 306 815 392 876; x_wconf 87' lang='lat' dir='ltr'>quae</span> <span class='ocrx_word' id='word_1_36' title='bbox 426 809 601 866; x_wconf 89' lang='lat' dir='ltr'>occurrunt</span> <span class='ocrx_word' id='word_1_37' title='bbox 635 803 724 884; x_wconf 89' lang='lat' dir='ltr'>apud</span> <span class='ocrx_word' id='word_1_38' title='bbox 758 800 936 881; x_wconf 83' lang='lat' dir='ltr'>scriptores</span> <span class='ocrx_word' id='word_1_39' title='bbox 970 799 1148 866; x_wconf 87' lang='lat' dir='ltr'>carminum</span> <span class='ocrx_word' id='word_1_40' title='bbox 1171 799 1283 866; x_wconf 76' lang='lat' dir='ltr'>formis</span> 
     </span>
     <span class='ocr_line' id='line_1_7' title="bbox 82 903 1283 986; baseline -0.001 -16"><span class='ocrx_word' id='word_1_41' title='bbox 82 903 1283 986; x_wconf 83' lang='lat' dir='ltr'>adiectionedetractioneimmutatIonetranspositione</span> 
     </span>
     <span class='ocr_line' id='line_1_8' title="bbox 81 1007 1284 1092; baseline -0.001 -17"><span class='ocrx_word' id='word_1_42' title='bbox 81 1009 285 1092; x_wconf 76' lang='lat' dir='ltr'>syllabarum</span> <span class='ocrx_word' id='word_1_43' title='bbox 323 1009 608 1089; x_wconf 88' lang='lat' dir='ltr'>productione</span> <span class='ocrx_word' id='word_1_44' title='bbox 646 1009 923 1092; x_wconf 88' lang='lat' dir='ltr'>correptione</span> <span class='ocrx_word' id='word_1_45' title='bbox 961 1008 1002 1073; x_wconf 90' lang='lat' dir='ltr'>de</span> <span class='ocrx_word' id='word_1_46' title='bbox 1039 1007 1284 1074; x_wconf 74' lang='lat' dir='ltr'>consuetudinis</span> 
     </span>
     <span class='ocr_line' id='line_1_9' title="bbox 81 1110 1282 1196; baseline -0.002 -16"><span class='ocrx_word' id='word_1_47' title='bbox 81 1131 200 1180; x_wconf 84' lang='lat' dir='ltr'>norma·</span> <span class='ocrx_word' id='word_1_48' title='bbox 228 1113 380 1195; x_wconf 85' lang='lat' dir='ltr'>deflexis,</span> <span class='ocrx_word' id='word_1_49' title='bbox 415 1114 448 1179; x_wconf 95' lang='lat' dir='ltr'>in</span> <span class='ocrx_word' id='word_1_50' title='bbox 480 1115 541 1180; x_wconf 88' lang='lat' dir='ltr'>hac</span> <span class='ocrx_word' id='word_1_51' title='bbox 564 1135 608 1180; x_wconf 86' lang='lat' dir='ltr'>-re</span> <span class='ocrx_word' id='word_1_52' title='bbox 643 1116 737 1196; x_wconf 89' lang='lat' dir='ltr'>quasi</span> <span class='ocrx_word' id='word_1_53' title='bbox 771 1113 894 1181; x_wconf 83' lang='lat' dir='ltr'>diducti</span> <span class='ocrx_word' id='word_1_54' title='bbox 928 1113 961 1178; x_wconf 94' lang='lat' dir='ltr'>in</span> <span class='ocrx_word' id='word_1_55' title='bbox 996 1112 1079 1178; x_wconf 85' lang='lat' dir='ltr'>duas</span> <span class='ocrx_word' id='word_1_56' title='bbox 1112 1110 1282 1193; x_wconf 87' lang='lat' dir='ltr'>factiones,</span> 
     </span>
     <span class='ocr_line' id='line_1_10' title="bbox 82 1217 1284 1299; baseline -0.002 -16"><span class='ocrx_word' id='word_1_57' title='bbox 82 1223 182 1299; x_wconf 90' lang='lat' dir='ltr'>prout</span> <span class='ocrx_word' id='word_1_58' title='bbox 218 1217 299 1283; x_wconf 82' lang='lat' dir='ltr'>talla</span> <span class='ocrx_word' id='word_1_59' title='bbox 337 1217 443 1299; x_wconf 89' lang='lat' dir='ltr'>poetis</span> <span class='ocrx_word' id='word_1_60' title='bbox 482 1224 541 1284; x_wconf 90' lang='lat' dir='ltr'>aut</span> <span class='ocrx_word' id='word_1_61' title='bbox 571 1219 651 1286; x_wconf 89' lang='lat' dir='ltr'>vitio</span> <span class='ocrx_word' id='word_1_62' title='bbox 683 1219 843 1286; x_wconf 88' lang='lat' dir='ltr'>vertenda</span> <span class='ocrx_word' id='word_1_63' title='bbox 877 1224 936 1283; x_wconf 85' lang='lat' dir='ltr'>aut</span> <span class='ocrx_word' id='word_1_64' title='bbox 968 1217 1060 1283; x_wconf 88' lang='lat' dir='ltr'>leudi</span> <span class='ocrx_word' id='word_1_65' title='bbox 1090 1217 1199 1282; x_wconf 90' lang='lat' dir='ltr'>danda</span> <span class='ocrx_word' id='word_1_66' title='bbox 1230 1217 1284 1284; x_wconf 84' lang='lat' dir='ltr'>vel</span> 
     </span>
     <span class='ocr_line' id='line_1_11' title="bbox 83 1318 1074 1403; baseline -0.002 -17"><span class='ocrx_word' id='word_1_67' title='bbox 83 1327 174 1386; x_wconf 84' lang='lat' dir='ltr'>certo</span> <span class='ocrx_word' id='word_1_68' title='bbox 197 1319 412 1386; x_wconf 89' lang='lat' dir='ltr'>condonanda</span> <span class='ocrx_word' id='word_1_69' title='bbox 435 1323 622 1403; x_wconf 86' lang='lat' dir='ltr'>censebant,</span> <span class='ocrx_word' id='word_1_70' title='bbox 647 1323 822 1389; x_wconf 86' lang='lat' dir='ltr'>adumbrat</span> <span class='ocrx_word' id='word_1_71' title='bbox 844 1318 1074 1403; x_wconf 78' lang='lat' dir='ltr'>Quintilianus.</span> 
     </span>
    </p>

    <p class='ocr_par' dir='ltr' id='par_1_3' title="bbox 89 1424 1282 1614">
     <span class='ocr_line' id='line_1_12' title="bbox 176 1424 1282 1509; baseline -0.001 -19"><span class='ocrx_word' id='word_1_72' title='bbox 176 1425 272 1490; x_wconf 82' lang='lat' dir='ltr'>‘ScIre</span> <span class='ocrx_word' id='word_1_73' title='bbox 293 1430 405 1491; x_wconf 90' lang='lat' dir='ltr'>autem</span> <span class='ocrx_word' id='word_1_74' title='bbox 429 1425 527 1491; x_wconf 93' lang='lat' dir='ltr'>dehet</span> <span class='ocrx_word' id='word_1_75' title='bbox 549 1446 647 1509; x_wconf 88' lang='lat' dir='ltr'>puer,</span> <span class='ocrx_word' id='word_1_76' title='bbox 679 1428 761 1492; x_wconf 87' lang='lat' dir='ltr'>haec</span> <span class='ocrx_word' id='word_1_77' title='bbox 784 1424 872 1507; x_wconf 90' lang='lat' dir='ltr'>apud</span> <span class='ocrx_word' id='word_1_78' title='bbox 899 1424 1075 1504; x_wconf 88' lang='lat' dir='ltr'>scriptores</span> <span class='ocrx_word' id='word_1_79' title='bbox 1105 1424 1282 1491; x_wconf 86' lang='lat' dir='ltr'>carminum</span> 
     </span>
     <span class='ocr_line' id='line_1_13' title="bbox 89 1526 1239 1614; baseline -0.002 -20"><span class='ocrx_word' id='word_1_80' title='bbox 89 1538 149 1594; x_wconf 88' lang='lat' dir='ltr'>ant</span> <span class='ocrx_word' id='word_1_81' title='bbox 171 1530 264 1596; x_wconf 76' lang='lat' dir='ltr'>venit</span> <span class='ocrx_word' id='word_1_82' title='bbox 285 1530 385 1612; x_wconf 82' lang='lat' dir='ltr'>digna</span> <span class='ocrx_word' id='word_1_83' title='bbox 408 1531 589 1596; x_wconf 87' lang='lat' dir='ltr'>autetiam</span> <span class='ocrx_word' id='word_1_84' title='bbox 612 1529 709 1595; x_wconf 89' lang='lat' dir='ltr'>laude</span> <span class='ocrx_word' id='word_1_85' title='bbox 733 1527 826 1594; x_wconf 84' lang='lat' dir='ltr'>duci&#39;</span> <span class='ocrx_word' id='word_1_86' title='bbox 852 1526 968 1612; x_wconf 81' lang='lat' dir='ltr'>(instit.</span> <span class='ocrx_word' id='word_1_87' title='bbox 993 1527 1009 1591; x_wconf 94' lang='lat' dir='ltr'>l</span> <span class='ocrx_word' id='word_1_88' title='bbox 1033 1528 1063 1606; x_wconf 77' lang='lat' dir='ltr'>h,</span> <span class='ocrx_word' id='word_1_89' title='bbox 1090 1530 1130 1593; x_wconf 90' lang='grc'>10</span> <span class='ocrx_word' id='word_1_90' title='bbox 1152 1528 1239 1614; x_wconf 86' lang='lat' dir='ltr'>sqq.)</span> 
     </span>
    </p>

    <p class='ocr_par' dir='ltr' id='par_1_4' title="bbox 81 1631 1381 1821">
     <span class='ocr_line' id='line_1_14' title="bbox 176 1631 1381 1727; baseline 0.001 -29"><span class='ocrx_word' id='word_1_91' title='bbox 176 1633 304 1699; x_wconf 86' lang='lat' dir='ltr'>‘Poetas</span> <span class='ocrx_word' id='word_1_92' title='bbox 334 1634 431 1699; x_wconf 86' lang='lat' dir='ltr'>metri</span> <span class='ocrx_word' id='word_1_93' title='bbox 460 1634 641 1701; x_wconf 88' lang='lat' dir='ltr'>necessitas</span> <span class='ocrx_word' id='word_1_94' title='bbox 671 1638 808 1698; x_wconf 87' lang='lat' dir='ltr'>excusat</span> <span class='ocrx_word' id='word_1_95' title='bbox 830 1631 893 1698; x_wconf 88' lang='lat' dir='ltr'>uisi</span> <span class='ocrx_word' id='word_1_96' title='bbox 919 1631 1050 1711; x_wconf 87' lang='lat' dir='ltr'>quando</span> <span class='ocrx_word' id='word_1_97' title='bbox 1080 1631 1160 1696; x_wconf 89' lang='lat' dir='ltr'>nihil</span> <span class='ocrx_word' id='word_1_98' title='bbox 1181 1632 1282 1714; x_wconf 90' lang='lat' dir='ltr'>impe·</span> <span class='ocrx_word' id='word_1_99' title='bbox 1376 1718 1381 1727; x_wconf 32' lang='grc'><strong>,</strong></span> 
     </span>
     <span class='ocr_line' id='line_1_15' title="bbox 81 1735 1282 1821; baseline -0.001 -18"><span class='ocrx_word' id='word_1_100' title='bbox 81 1737 194 1804; x_wconf 72' lang='grc' dir='ltr'>(λίθοιο</span> <span class='ocrx_word' id='word_1_101' title='bbox 215 1737 411 1818; x_wconf 91' lang='lat' dir='ltr'>inutraque</span> <span class='ocrx_word' id='word_1_102' title='bbox 434 1737 655 1804; x_wconf 88' lang='lat' dir='ltr'>modulatione</span> <span class='ocrx_word' id='word_1_103' title='bbox 678 1737 797 1818; x_wconf 90' lang='lat' dir='ltr'>pedum</span> <span class='ocrx_word' id='word_1_104' title='bbox 820 1737 959 1803; x_wconf 87' lang='lat' dir='ltr'>alterum</span> <span class='ocrx_word' id='word_1_105' title='bbox 983 1736 1127 1803; x_wconf 87' lang='lat' dir='ltr'>malunt&#39;</span> <span class='ocrx_word' id='word_1_106' title='bbox 1161 1735 1211 1820; x_wconf 87' lang='lat'>(6,</span> <span class='ocrx_word' id='word_1_107' title='bbox 1236 1737 1282 1821; x_wconf 83' lang='lat'>2.)</span> 
     </span>
    </p>

    <p class='ocr_par' dir='ltr' id='par_1_5' title="bbox 80 1840 1284 2655">
     <span class='ocr_line' id='line_1_16' title="bbox 171 1840 1280 1925; baseline -0.002 -17"><span class='ocrx_word' id='word_1_108' title='bbox 171 1842 220 1908; x_wconf 85' lang='lat' dir='ltr'>‘Iu</span> <span class='ocrx_word' id='word_1_109' title='bbox 243 1842 464 1925; x_wconf 84' lang='lat' dir='ltr'>praelegendo</span> <span class='ocrx_word' id='word_1_110' title='bbox 487 1841 719 1925; x_wconf 79' lang='lat' dir='ltr'>grammaticus</span> <span class='ocrx_word' id='word_1_111' title='bbox 743 1847 778 1906; x_wconf 94' lang='lat' dir='ltr'>et</span> <span class='ocrx_word' id='word_1_112' title='bbox 798 1841 855 1907; x_wconf 89' lang='lat' dir='ltr'>illa</span> <span class='ocrx_word' id='word_1_113' title='bbox 878 1840 1007 1923; x_wconf 90' lang='lat' dir='ltr'>quidem</span> <span class='ocrx_word' id='word_1_114' title='bbox 1031 1840 1157 1906; x_wconf 89' lang='lat' dir='ltr'>minora</span> <span class='ocrx_word' id='word_1_115' title='bbox 1187 1858 1280 1922; x_wconf 85' lang='lat' dir='ltr'>prae-</span> 
     </span>
     <span class='ocr_line' id='line_1_17' title="bbox 81 1943 1283 2028; baseline -0.002 -18"><span class='ocrx_word' id='word_1_116' title='bbox 81 1953 172 2013; x_wconf 88' lang='lat' dir='ltr'>stare</span> <span class='ocrx_word' id='word_1_117' title='bbox 196 1945 337 2026; x_wconf 75' lang='lat' dir='ltr'>debebit</span> <span class='ocrx_word' id='word_1_118' title='bbox 361 1950 399 2012; x_wconf 91' lang='lat' dir='ltr'>ut</span> <span class='ocrx_word' id='word_1_119' title='bbox 422 1984 461 1991; x_wconf 80' lang='lat'>—</span> <span class='ocrx_word' id='word_1_120' title='bbox 486 1945 713 2028; x_wconf 91' lang='lat' dir='ltr'>deprehendat</span> <span class='ocrx_word' id='word_1_121' title='bbox 733 1964 817 2024; x_wconf 90' lang='lat' dir='ltr'>quae</span> <span class='ocrx_word' id='word_1_122' title='bbox 840 1943 1018 2027; x_wconf 89' lang='lat' dir='ltr'>impropria</span> <span class='ocrx_word' id='word_1_123' title='bbox 1034 1962 1118 2025; x_wconf 89' lang='lat' dir='ltr'>qnae</span> <span class='ocrx_word' id='word_1_124' title='bbox 1141 1943 1283 2010; x_wconf 89' lang='lat' dir='ltr'>barbara</span> 
     </span>
     <span class='ocr_line' id='line_1_18' title="bbox 81 2046 1282 2139; baseline -0.003 -24"><span class='ocrx_word' id='word_1_125' title='bbox 81 2067 166 2130; x_wconf 88' lang='lat' dir='ltr'>quae</span> <span class='ocrx_word' id='word_1_126' title='bbox 190 2058 306 2117; x_wconf 91' lang='lat' dir='ltr'>contra</span> <span class='ocrx_word' id='word_1_127' title='bbox 328 2051 419 2134; x_wconf 82' lang='lat' dir='ltr'>leges</span> <span class='ocrx_word' id='word_1_128' title='bbox 442 2052 595 2132; x_wconf 89' lang='lat' dir='ltr'>loquendi</span> <span class='ocrx_word' id='word_1_129' title='bbox 618 2051 683 2117; x_wconf 90' lang='lat' dir='ltr'>sint</span> <span class='ocrx_word' id='word_1_130' title='bbox 714 2049 839 2133; x_wconf 86' lang='lat' dir='ltr'>posita;</span> <span class='ocrx_word' id='word_1_131' title='bbox 871 2067 935 2114; x_wconf 93' lang='lat' dir='ltr'>non</span> <span class='ocrx_word' id='word_1_132' title='bbox 967 2055 1004 2139; x_wconf 88' lang='lat' dir='ltr'>ut</span> <span class='ocrx_word' id='word_1_133' title='bbox 1033 2047 1147 2113; x_wconf 80' lang='lat' dir='ltr'>arrhis</span> <span class='ocrx_word' id='word_1_134' title='bbox 1170 2046 1282 2127; x_wconf 92' lang='lat' dir='ltr'>utique</span> 
     </span>
     <span class='ocr_line' id='line_1_19' title="bbox 80 2151 1282 2250; baseline 0 -33"><span class='ocrx_word' id='word_1_135' title='bbox 80 2153 307 2235; x_wconf 89' lang='lat' dir='ltr'>improbentur</span> <span class='ocrx_word' id='word_1_136' title='bbox 343 2162 497 2250; x_wconf 69' lang='lat' dir='ltr'>poetae,¹</span> <span class='ocrx_word' id='word_1_137' title='bbox 522 2157 639 2238; x_wconf 89' lang='lat' dir='ltr'>quibus</span> <span class='ocrx_word' id='word_1_138' title='bbox 681 2157 757 2236; x_wconf 90' lang='lat' dir='ltr'>quia</span> <span class='ocrx_word' id='word_1_139' title='bbox 787 2155 978 2236; x_wconf 91' lang='lat' dir='ltr'>plerumque</span> <span class='ocrx_word' id='word_1_140' title='bbox 1016 2151 1139 2218; x_wconf 88' lang='lat' dir='ltr'>servire</span> <span class='ocrx_word' id='word_1_141' title='bbox 1178 2156 1282 2217; x_wconf 88' lang='lat' dir='ltr'>metro</span> 
     </span>
     <span class='ocr_line' id='line_1_20' title="bbox 81 2255 1282 2343; baseline -0.002 -21"><span class='ocrx_word' id='word_1_142' title='bbox 81 2264 258 2341; x_wconf 77' lang='lat' dir='ltr'>coguntur,</span> <span class='ocrx_word' id='word_1_143' title='bbox 283 2260 366 2326; x_wconf 84' lang='lat' dir='ltr'>adeo</span> <span class='ocrx_word' id='word_1_144' title='bbox 389 2261 570 2343; x_wconf 84' lang='lat' dir='ltr'>ignoscitur</span> <span class='ocrx_word' id='word_1_145' title='bbox 593 2268 629 2327; x_wconf 93' lang='lat' dir='ltr'>ut</span> <span class='ocrx_word' id='word_1_146' title='bbox 651 2261 733 2327; x_wconf 86' lang='lat' dir='ltr'>vitia</span> <span class='ocrx_word' id='word_1_147' title='bbox 755 2259 828 2341; x_wconf 91' lang='lat' dir='ltr'>ipsa</span> <span class='ocrx_word' id='word_1_148' title='bbox 851 2257 924 2324; x_wconf 90' lang='lat' dir='ltr'>aliis</span> <span class='ocrx_word' id='word_1_149' title='bbox 946 2257 980 2322; x_wconf 86' lang='lat' dir='ltr'>ln</span> <span class='ocrx_word' id='word_1_150' title='bbox 1004 2255 1147 2322; x_wconf 91' lang='lat' dir='ltr'>carmine</span> <span class='ocrx_word' id='word_1_151' title='bbox 1171 2255 1282 2338; x_wconf 87' lang='lat' dir='ltr'>appel·</span> 
     </span>
     <span class='ocr_line' id='line_1_21' title="bbox 80 2359 1284 2448; baseline -0.001 -23"><span class='ocrx_word' id='word_1_152' title='bbox 80 2359 259 2428; x_wconf 88' lang='lat' dir='ltr'>lationibus</span> <span class='ocrx_word' id='word_1_153' title='bbox 281 2364 498 2430; x_wconf 91' lang='lat' dir='ltr'>nominentur.</span> <span class='ocrx_word' id='word_1_154' title='bbox 545 2366 781 2448; x_wconf 85' lang='lat' dir='ltr'>Metaplasmos</span> <span class='ocrx_word' id='word_1_155' title='bbox 809 2364 895 2430; x_wconf 90' lang='lat' dir='ltr'>euim</span> <span class='ocrx_word' id='word_1_156' title='bbox 918 2370 952 2428; x_wconf 95' lang='lat' dir='ltr'>et</span> <span class='ocrx_word' id='word_1_157' title='bbox 981 2359 1226 2428; x_wconf 88' lang='lat' dir='ltr'>schematismos</span> <span class='ocrx_word' id='word_1_158' title='bbox 1249 2367 1284 2425; x_wconf 89' lang='lat' dir='ltr'>et</span> 
     </span>
     <span class='ocr_line' id='line_1_22' title="bbox 80 2464 1280 2546; baseline 0 -17"><span class='ocrx_word' id='word_1_159' title='bbox 80 2464 252 2531; x_wconf 84' lang='lat' dir='ltr'>schemata</span> <span class='ocrx_word' id='word_1_160' title='bbox 267 2474 304 2532; x_wconf 92' lang='lat' dir='ltr'>ut</span> <span class='ocrx_word' id='word_1_161' title='bbox 326 2466 394 2536; x_wconf 82' lang='lat' dir='ltr'>dixi</span> <span class='ocrx_word' id='word_1_162' title='bbox 408 2487 564 2536; x_wconf 87' lang='lat' dir='ltr'>vocamus</span> <span class='ocrx_word' id='word_1_163' title='bbox 587 2475 622 2534; x_wconf 91' lang='lat' dir='ltr'>et</span> <span class='ocrx_word' id='word_1_164' title='bbox 636 2470 766 2536; x_wconf 85' lang='lat' dir='ltr'>laudem</span> <span class='ocrx_word' id='word_1_165' title='bbox 790 2468 923 2536; x_wconf 88' lang='lat' dir='ltr'>virtutis</span> <span class='ocrx_word' id='word_1_166' title='bbox 939 2464 1130 2534; x_wconf 85' lang='lat' dir='ltr'>necessitati</span> <span class='ocrx_word' id='word_1_167' title='bbox 1153 2464 1280 2546; x_wconf 87' lang='lat' dir='ltr'>damus;</span> 
     </span>
     <span class='ocr_line' id='line_1_23' title="bbox 81 2566 1281 2655; baseline 0.013 -23"><span class='ocrx_word' id='word_1_168' title='bbox 81 2566 140 2633; x_wconf 88' lang='lat' dir='ltr'>sed</span> <span class='ocrx_word' id='word_1_169' title='bbox 161 2574 199 2634; x_wconf 92' lang='lat' dir='ltr'>ut</span> <span class='ocrx_word' id='word_1_170' title='bbox 221 2576 425 2637; x_wconf 86' lang='lat' dir='ltr'>commoneat</span> <span class='ocrx_word' id='word_1_171' title='bbox 440 2571 657 2640; x_wconf 84' lang='lat' dir='ltr'>artificialium</span> <span class='ocrx_word' id='word_1_172' title='bbox 681 2579 715 2640; x_wconf 92' lang='lat' dir='ltr'>et</span> <span class='ocrx_word' id='word_1_173' title='bbox 730 2572 918 2641; x_wconf 85' lang='lat' dir='ltr'>memoriam</span> <span class='ocrx_word' id='word_1_174' title='bbox 941 2571 1065 2655; x_wconf 80' lang='lat' dir='ltr'>agitet&#39;</span> <span class='ocrx_word' id='word_1_175' title='bbox 1091 2568 1135 2655; x_wconf 82' lang='lat'>(8,</span> <span class='ocrx_word' id='word_1_176' title='bbox 1163 2570 1201 2633; x_wconf 84' lang='lat'>13</span> <span class='ocrx_word' id='word_1_177' title='bbox 1218 2568 1281 2652; x_wconf 65' lang='lat' dir='ltr'>Sil)</span> 
     </span>
    </p>

    <p class='ocr_par' dir='ltr' id='par_1_6' title="bbox 80 2671 1282 3177">
     <span class='ocr_line' id='line_1_24' title="bbox 172 2671 1282 2759; baseline 0.003 -23"><span class='ocrx_word' id='word_1_178' title='bbox 172 2671 363 2739; x_wconf 88' lang='lat' dir='ltr'>‘Praeterea</span> <span class='ocrx_word' id='word_1_179' title='bbox 393 2692 478 2755; x_wconf 87' lang='lat' dir='ltr'>quae</span> <span class='ocrx_word' id='word_1_180' title='bbox 508 2675 591 2742; x_wconf 86' lang='lat' dir='ltr'>finnt</span> <span class='ocrx_word' id='word_1_181' title='bbox 621 2677 746 2759; x_wconf 90' lang='lat' dir='ltr'>spatio,</span> <span class='ocrx_word' id='word_1_182' title='bbox 779 2677 850 2746; x_wconf 83' lang='lat' dir='ltr'>sive</span> <span class='ocrx_word' id='word_1_183' title='bbox 874 2695 946 2742; x_wconf 90' lang='lat' dir='ltr'>cum</span> <span class='ocrx_word' id='word_1_184' title='bbox 973 2674 1103 2759; x_wconf 84' lang='lat' dir='ltr'>syllaba</span> <span class='ocrx_word' id='word_1_185' title='bbox 1130 2679 1282 2754; x_wconf 90' lang='lat' dir='ltr'>correpta</span> 
     </span>
     <span class='ocr_line' id='line_1_25' title="bbox 81 2776 1280 2865; baseline 0 -24"><span class='ocrx_word' id='word_1_186' title='bbox 81 2776 274 2857; x_wconf 86' lang='lat' dir='ltr'>producitur</span> <span class='ocrx_word' id='word_1_187' title='bbox 297 2778 591 2846; x_wconf 79' lang='lat' dir='ltr'>Italiam-fato</span> <span class='ocrx_word' id='word_1_188' title='bbox 623 2782 848 2865; x_wconf 76' lang='lat' dir='ltr'>profugus,</span> <span class='ocrx_word' id='word_1_189' title='bbox 880 2800 937 2846; x_wconf 92' lang='lat' dir='ltr'>seu</span> <span class='ocrx_word' id='word_1_190' title='bbox 969 2780 1067 2862; x_wconf 81' lang='lat' dir='ltr'>longa</span> <span class='ocrx_word' id='word_1_191' title='bbox 1097 2777 1280 2860; x_wconf 86' lang='lat' dir='ltr'>corripitur,</span> 
     </span>
     <span class='ocr_line' id='line_1_26' title="bbox 81 2878 1280 2969; baseline 0.003 -26"><span class='ocrx_word' id='word_1_192' title='bbox 81 2886 120 2944; x_wconf 92' lang='lat' dir='ltr'>ut</span> <span class='ocrx_word' id='word_1_193' title='bbox 142 2878 275 2947; x_wconf 91' lang='lat' dir='ltr'>Unius</span> <span class='ocrx_word' id='word_1_194' title='bbox 303 2884 351 2946; x_wconf 93' lang='lat' dir='ltr'>ob</span> <span class='ocrx_word' id='word_1_195' title='bbox 379 2902 527 2950; x_wconf 85' lang='lat' dir='ltr'>noxam</span> <span class='ocrx_word' id='word_1_196' title='bbox 551 2891 594 2950; x_wconf 92' lang='lat' dir='ltr'>et</span> <span class='ocrx_word' id='word_1_197' title='bbox 616 2885 771 2969; x_wconf 72' lang='lat' dir='ltr'>fumas,</span> <span class='ocrx_word' id='word_1_198' title='bbox 804 2893 900 2952; x_wconf 80' lang='lat' dir='ltr'>entra</span> <span class='ocrx_word' id='word_1_199' title='bbox 923 2903 1054 2951; x_wconf 91' lang='lat' dir='ltr'>carmen</span> <span class='ocrx_word' id='word_1_200' title='bbox 1077 2900 1142 2949; x_wconf 93' lang='lat' dir='ltr'>non</span> <span class='ocrx_word' id='word_1_201' title='bbox 1166 2882 1280 2963; x_wconf 88' lang='lat' dir='ltr'>depre-</span> 
     </span>
     <span class='ocr_line' id='line_1_27' title="bbox 80 2983 1279 3069; baseline -0.002 -20"><span class='ocrx_word' id='word_1_202' title='bbox 80 2983 224 3065; x_wconf 88' lang='lat' dir='ltr'>hendas;</span> <span class='ocrx_word' id='word_1_203' title='bbox 249 2985 307 3050; x_wconf 88' lang='lat' dir='ltr'>sed</span> <span class='ocrx_word' id='word_1_204' title='bbox 335 3003 395 3052; x_wconf 91' lang='lat' dir='ltr'>nec</span> <span class='ocrx_word' id='word_1_205' title='bbox 424 2986 457 3051; x_wconf 92' lang='lat' dir='ltr'>in</span> <span class='ocrx_word' id='word_1_206' title='bbox 481 2987 624 3053; x_wconf 90' lang='lat' dir='ltr'>carmine</span> <span class='ocrx_word' id='word_1_207' title='bbox 648 2987 729 3055; x_wconf 87' lang='lat' dir='ltr'>vitia</span> <span class='ocrx_word' id='word_1_208' title='bbox 752 2988 902 3055; x_wconf 90' lang='lat' dir='ltr'>ducenda</span> <span class='ocrx_word' id='word_1_209' title='bbox 925 2987 1020 3053; x_wconf 88' lang='lat' dir='ltr'>sunt’</span> <span class='ocrx_word' id='word_1_210' title='bbox 1050 2988 1094 3066; x_wconf 74' lang='grc' dir='ltr'>(ὃ,</span> <span class='ocrx_word' id='word_1_211' title='bbox 1122 2986 1187 3069; x_wconf 81' lang='lat'>18.)</span> <span class='ocrx_word' id='word_1_212' title='bbox 1232 2983 1279 3048; x_wconf 81' lang='lat' dir='ltr'>uf.</span> 
     </span>
     <span class='ocr_line' id='line_1_28' title="bbox 81 3088 825 3177; baseline 0.004 -25"><span class='ocrx_word' id='word_1_213' title='bbox 81 3088 181 3153; x_wconf 83' lang='lat' dir='ltr'>etiarn</span> <span class='ocrx_word' id='word_1_214' title='bbox 204 3089 447 3170; x_wconf 81' lang='lat' dir='ltr'>paragraphum</span> <span class='ocrx_word' id='word_1_215' title='bbox 471 3091 720 3158; x_wconf 88' lang='lat' dir='ltr'>antecedentem</span> <span class='ocrx_word' id='word_1_216' title='bbox 744 3091 825 3177; x_wconf 81' lang='lat' dir='ltr'>(ll).</span> 
     </span>
    </p>

    <p class='ocr_par' dir='ltr' id='par_1_7' title="bbox 77 3191 1347 4530">
     <span class='ocr_line' id='line_1_29' title="bbox 170 3191 1281 3275; baseline -0.001 -17"><span class='ocrx_word' id='word_1_217' title='bbox 170 3192 241 3258; x_wconf 89' lang='lat' dir='ltr'>Iam</span> <span class='ocrx_word' id='word_1_218' title='bbox 264 3193 461 3259; x_wconf 83' lang='lat' dir='ltr'>Aristoteles</span> <span class='ocrx_word' id='word_1_219' title='bbox 483 3202 599 3275; x_wconf 87' lang='lat' dir='ltr'>poetas</span> <span class='ocrx_word' id='word_1_220' title='bbox 623 3196 664 3260; x_wconf 94' lang='lat' dir='ltr'>ab</span> <span class='ocrx_word' id='word_1_221' title='bbox 687 3193 816 3259; x_wconf 83' lang='lat' dir='ltr'>Iniustis</span> <span class='ocrx_word' id='word_1_222' title='bbox 833 3191 1281 3260; x_wconf 69' lang='lat' dir='ltr'>obtrectatorum&#39;culumniis</span> 
     </span>
     <span class='ocr_line' id='line_1_30' title="bbox 80 3297 1347 3384; baseline -0.001 -20"><span class='ocrx_word' id='word_1_223' title='bbox 80 3297 259 3365; x_wconf 84' lang='lat' dir='ltr'>defendere</span> <span class='ocrx_word' id='word_1_224' title='bbox 283 3304 317 3362; x_wconf 91' lang='lat' dir='ltr'>et</span> <span class='ocrx_word' id='word_1_225' title='bbox 340 3297 508 3366; x_wconf 84' lang='lat' dir='ltr'>vindicare</span> <span class='ocrx_word' id='word_1_226' title='bbox 531 3317 625 3365; x_wconf 90' lang='lat' dir='ltr'>suum</span> <span class='ocrx_word' id='word_1_227' title='bbox 648 3299 789 3381; x_wconf 87' lang='lat' dir='ltr'>putavit.</span> <span class='ocrx_word' id='word_1_228' title='bbox 836 3298 898 3382; x_wconf 84' lang='lat' dir='ltr'>Qui</span> <span class='ocrx_word' id='word_1_229' title='bbox 928 3304 1101 3380; x_wconf 84' lang='lat' dir='ltr'>postquam</span> <span class='ocrx_word' id='word_1_230' title='bbox 1130 3327 1162 3364; x_wconf 83' lang='lat' dir='ltr'>n.</span> <span class='ocrx_word' id='word_1_231' title='bbox 1188 3324 1280 3384; x_wconf 74' lang='grc' dir='ltr'><strong><em>ποιη-</em></strong></span> <span class='ocrx_word' id='word_1_232' title='bbox 1345 3328 1347 3333; x_wconf 94' lang='grc'><strong><em>·</em></strong></span> 
     </span>
     <span class='ocr_line' id='line_1_31' title="bbox 81 3401 1281 3487; baseline 0.002 -20"><span class='ocrx_word' id='word_1_233' title='bbox 81 3407 171 3487; x_wconf 75' lang='grc' dir='ltr'>ιικῆς</span> <span class='ocrx_word' id='word_1_234' title='bbox 194 3401 306 3465; x_wconf 91' lang='lat' dir='ltr'>iudea</span> <span class='ocrx_word' id='word_1_235' title='bbox 330 3419 401 3481; x_wconf 87' lang='lat' dir='ltr'>cap.</span> <span class='ocrx_word' id='word_1_236' title='bbox 417 3401 502 3467; x_wconf 89' lang='lat' dir='ltr'>XXI</span> <span class='ocrx_word' id='word_1_237' title='bbox 527 3404 609 3467; x_wconf 70' lang='lat'>1457</span> <span class='ocrx_word' id='word_1_238' title='bbox 635 3422 655 3467; x_wconf 91' lang='lat' dir='ltr'>a</span> <span class='ocrx_word' id='word_1_239' title='bbox 678 3405 718 3467; x_wconf 87' lang='lat'>31</span> <span class='ocrx_word' id='word_1_240' title='bbox 744 3401 785 3467; x_wconf 88' lang='lat' dir='ltr'>de</span> <span class='ocrx_word' id='word_1_241' title='bbox 807 3410 940 3479; x_wconf 78' lang='grc' dir='ltr'>ξενικοῖς</span> <span class='ocrx_word' id='word_1_242' title='bbox 963 3401 983 3466; x_wconf 93' lang='lat' dir='ltr'>i.</span> <span class='ocrx_word' id='word_1_243' title='bbox 1001 3420 1028 3466; x_wconf 91' lang='lat' dir='ltr'>e.</span> <span class='ocrx_word' id='word_1_244' title='bbox 1053 3402 1281 3469; x_wconf 89' lang='lat' dir='ltr'>recedentibus</span> 
     </span>
     <span class='ocr_line' id='line_1_32' title="bbox 79 3503 1299 3594; baseline -0.001 -22"><span class='ocrx_word' id='word_1_245' title='bbox 79 3526 100 3572; x_wconf 89' lang='lat' dir='ltr'>a</span> <span class='ocrx_word' id='word_1_246' title='bbox 123 3503 368 3571; x_wconf 87' lang='lat' dir='ltr'>consuetudinis</span> <span class='ocrx_word' id='word_1_247' title='bbox 391 3523 506 3569; x_wconf 90' lang='lat' dir='ltr'>norma</span> <span class='ocrx_word' id='word_1_248' title='bbox 529 3507 640 3586; x_wconf 70' lang='lat' dir='ltr'>(neoti</span> <span class='ocrx_word' id='word_1_249' title='bbox 663 3511 707 3594; x_wconf 74' lang='grc' dir='ltr'>τῷ</span> <span class='ocrx_word' id='word_1_250' title='bbox 724 3504 813 3591; x_wconf 76' lang='grc' dir='ltr'><strong><em>παρὰ</em></strong></span> <span class='ocrx_word' id='word_1_251' title='bbox 837 3503 873 3571; x_wconf 79' lang='grc' dir='ltr'>τὸ</span> <span class='ocrx_word' id='word_1_252' title='bbox 889 3504 998 3589; x_wconf 79' lang='grc' dir='ltr'><strong><em>κύριον</em></strong></span> <span class='ocrx_word' id='word_1_253' title='bbox 1023 3508 1106 3572; x_wconf 78' lang='grc'>1458</span> <span class='ocrx_word' id='word_1_254' title='bbox 1123 3525 1144 3572; x_wconf 90' lang='lat' dir='ltr'>a</span> <span class='ocrx_word' id='word_1_255' title='bbox 1159 3507 1201 3571; x_wconf 78' lang='lat'>22</span> <span class='ocrx_word' id='word_1_256' title='bbox 1217 3508 1299 3590; x_wconf 92' lang='lat' dir='ltr'>sq.)-</span> 
     </span>
     <span class='ocr_line' id='line_1_33' title="bbox 80 3609 1282 3694; baseline -0.001 -19"><span class='ocrx_word' id='word_1_257' title='bbox 80 3610 214 3677; x_wconf 86' lang='lat' dir='ltr'>uben&#39;us</span> <span class='ocrx_word' id='word_1_258' title='bbox 237 3609 396 3675; x_wconf 84' lang='lat' dir='ltr'>tractavit</span> <span class='ocrx_word' id='word_1_259' title='bbox 418 3615 490 3674; x_wconf 86' lang='lat' dir='ltr'>tote</span> <span class='ocrx_word' id='word_1_260' title='bbox 512 3610 651 3675; x_wconf 88' lang='lat' dir='ltr'>materia</span> <span class='ocrx_word' id='word_1_261' title='bbox 674 3611 707 3675; x_wconf 92' lang='lat' dir='ltr'>in</span> <span class='ocrx_word' id='word_1_262' title='bbox 731 3612 812 3675; x_wconf 86' lang='lat' dir='ltr'>haec</span> <span class='ocrx_word' id='word_1_263' title='bbox 836 3628 958 3693; x_wconf 86' lang='lat' dir='ltr'>genera</span> <span class='ocrx_word' id='word_1_264' title='bbox 982 3610 1104 3676; x_wconf 87' lang='lat' dir='ltr'>divisa:</span> <span class='ocrx_word' id='word_1_265' title='bbox 1137 3615 1282 3694; x_wconf 78' lang='grc' dir='ltr'><strong><em>γλῶτταν</em></strong></span> 
     </span>
     <span class='ocr_line' id='line_1_34' title="bbox 78 3713 1282 3801; baseline 0 -23"><span class='ocrx_word' id='word_1_266' title='bbox 78 3714 274 3799; x_wconf 78' lang='grc' dir='ltr'><em>μεταφορὰν</em></span> <span class='ocrx_word' id='word_1_267' title='bbox 310 3713 432 3797; x_wconf 79' lang='grc' dir='ltr'>κόσμον</span> <span class='ocrx_word' id='word_1_268' title='bbox 471 3716 686 3801; x_wconf 74' lang='grc' dir='ltr'>πεποιημένον</span> <span class='ocrx_word' id='word_1_269' title='bbox 723 3716 974 3797; x_wconf 74' lang='grc' dir='ltr'><strong><em>ἑπεκτεταμένον</em></strong></span> <span class='ocrx_word' id='word_1_270' title='bbox 1017 3713 1088 3800; x_wconf 83' lang='grc' dir='ltr'>(ἐὰν</span> <span class='ocrx_word' id='word_1_271' title='bbox 1122 3713 1282 3800; x_wconf 73' lang='grc' dir='ltr'>φωνήεντι</span> 
     </span>
     <span class='ocr_line' id='line_1_35' title="bbox 77 3813 1281 3911; baseline 0.001 -28"><span class='ocrx_word' id='word_1_272' title='bbox 77 3821 286 3909; x_wconf 69' lang='grc' dir='ltr'><strong><em>μακροτέρη</em></strong></span> <span class='ocrx_word' id='word_1_273' title='bbox 303 3820 500 3904; x_wconf 74' lang='grc' dir='ltr'><em>κεχρημένον</em></span> <span class='ocrx_word' id='word_1_274' title='bbox 532 3813 552 3909; x_wconf 76' lang='grc' dir='ltr'><strong><em>ᾗ</em></strong></span> <span class='ocrx_word' id='word_1_275' title='bbox 582 3826 641 3885; x_wconf 79' lang='grc' dir='ltr'>τοῦ</span> <span class='ocrx_word' id='word_1_276' title='bbox 676 3823 792 3886; x_wconf 75' lang='grc' dir='ltr'><strong><em>οἰκείου</em></strong></span> <span class='ocrx_word' id='word_1_277' title='bbox 833 3821 851 3907; x_wconf 76' lang='grc' dir='ltr'><em>ἢ</em></span> <span class='ocrx_word' id='word_1_278' title='bbox 888 3817 1029 3910; x_wconf 68' lang='grc' dir='ltr'><strong><em>συλλαβῇ</em></strong></span> <span class='ocrx_word' id='word_1_279' title='bbox 1063 3820 1281 3911; x_wconf 71' lang='grc' dir='ltr'><strong><em>ἐμβεβλημένῃ</em></strong></span> 
     </span>
     <span class='ocr_line' id='line_1_36' title="bbox 81 3919 1282 4011; baseline 0.001 -22"><span class='ocrx_word' id='word_1_280' title='bbox 81 3919 149 3989; x_wconf 84' lang='grc' dir='ltr'><strong><em>οἷον</em></strong></span> <span class='ocrx_word' id='word_1_281' title='bbox 173 3923 209 3990; x_wconf 82' lang='grc' dir='ltr'>τὸ</span> <span class='ocrx_word' id='word_1_282' title='bbox 235 3924 354 4002; x_wconf 84' lang='grc' dir='ltr'><strong><em>πόλεως</em></strong></span> <span class='ocrx_word' id='word_1_283' title='bbox 386 3923 506 4009; x_wconf 77' lang='grc' dir='ltr'><strong><em>πόληος</em></strong></span> <span class='ocrx_word' id='word_1_284' title='bbox 536 3925 591 3989; x_wconf 74' lang='grc' dir='ltr'><strong><em>καί</em></strong></span> <span class='ocrx_word' id='word_1_285' title='bbox 621 3923 657 3990; x_wconf 82' lang='grc' dir='ltr'>τὸ</span> <span class='ocrx_word' id='word_1_286' title='bbox 691 3927 819 4011; x_wconf 82' lang='grc' dir='ltr'><strong><em>Πηλέος</em></strong></span> <span class='ocrx_word' id='word_1_287' title='bbox 844 3923 858 3952; x_wconf 71' lang='lat'>⁴*</span> <span class='ocrx_word' id='word_1_288' title='bbox 883 3924 898 3953; x_wconf 66' lang='lat'>⁴*</span> <span class='ocrx_word' id='word_1_289' title='bbox 923 3924 1120 4011; x_wconf 72' lang='grc' dir='ltr'>Πηληιάδεω</span> <span class='ocrx_word' id='word_1_290' title='bbox 1146 3925 1229 3991; x_wconf 79' lang='grc'><strong>1458</strong></span> <span class='ocrx_word' id='word_1_291' title='bbox 1261 3943 1282 3990; x_wconf 80' lang='lat' dir='ltr'>a</span> 
     </span>
     <span class='ocr_line' id='line_1_37' title="bbox 81 4021 1286 4119; baseline 0.001 -26"><span class='ocrx_word' id='word_1_292' title='bbox 81 4032 95 4093; x_wconf 93' lang='lat' dir='ltr'>l</span> <span class='ocrx_word' id='word_1_293' title='bbox 129 4029 217 4114; x_wconf 87' lang='lat' dir='ltr'>sqq.)</span> <span class='ocrx_word' id='word_1_294' title='bbox 249 4028 454 4119; x_wconf 76' lang='grc' dir='ltr'><strong><em>ὖφηρημένον</em></strong></span> <span class='ocrx_word' id='word_1_295' title='bbox 488 4027 539 4111; x_wconf 74' lang='grc' dir='ltr'>(ἂν</span> <span class='ocrx_word' id='word_1_296' title='bbox 570 4027 778 4118; x_wconf 75' lang='grc' dir='ltr'><strong><em>ἀφῃρημένον</em></strong></span> <span class='ocrx_word' id='word_1_297' title='bbox 809 4055 837 4092; x_wconf 83' lang='grc' dir='ltr'>τι</span> <span class='ocrx_word' id='word_1_298' title='bbox 869 4021 888 4116; x_wconf 79' lang='grc' dir='ltr'><strong><em>ᾗ</em></strong></span> <span class='ocrx_word' id='word_1_299' title='bbox 920 4025 1020 4093; x_wconf 62' lang='lat' dir='ltr'>crito&amp;</span> <span class='ocrx_word' id='word_1_300' title='bbox 1059 4023 1126 4093; x_wconf 82' lang='grc' dir='ltr'><strong><em>οἷον</em></strong></span> <span class='ocrx_word' id='word_1_301' title='bbox 1162 4026 1197 4094; x_wconf 83' lang='grc' dir='ltr'>τὸ</span> <span class='ocrx_word' id='word_1_302' title='bbox 1228 4040 1286 4114; x_wconf 80' lang='grc' dir='ltr'>κρῖ</span> 
     </span>
     <span class='ocr_line' id='line_1_38' title="bbox 78 4129 1282 4217; baseline 0.001 -21"><span class='ocrx_word' id='word_1_303' title='bbox 78 4135 133 4197; x_wconf 76' lang='grc' dir='ltr'>καί</span> <span class='ocrx_word' id='word_1_304' title='bbox 158 4130 194 4198; x_wconf 83' lang='grc' dir='ltr'>τὸ</span> <span class='ocrx_word' id='word_1_305' title='bbox 220 4137 267 4196; x_wconf 75' lang='grc' dir='ltr'>δοῖ</span> <span class='ocrx_word' id='word_1_306' title='bbox 289 4133 344 4196; x_wconf 77' lang='grc' dir='ltr'><strong><em>καί</em></strong></span> <span class='ocrx_word' id='word_1_307' title='bbox 366 4133 448 4213; x_wconf 80' lang='grc' dir='ltr'><strong><em>,,μιἀ</em></strong></span> <span class='ocrx_word' id='word_1_308' title='bbox 471 4133 593 4216; x_wconf 65' lang='grc' dir='ltr'>γίνεται</span> <span class='ocrx_word' id='word_1_309' title='bbox 618 4129 812 4217; x_wconf 77' lang='grc' dir='ltr'><strong><em>ἀμφοτέρων</em></strong></span> <span class='ocrx_word' id='word_1_310' title='bbox 836 4131 906 4212; x_wconf 69' lang='grc' dir='ltr'>ὅψα</span> <span class='ocrx_word' id='word_1_311' title='bbox 930 4130 1022 4217; x_wconf 87' lang='lat' dir='ltr'>ibid.)</span> <span class='ocrx_word' id='word_1_312' title='bbox 1046 4134 1282 4217; x_wconf 74' lang='grc' dir='ltr'><strong><em>ἐξηλλαγμένον</em></strong></span> 
     </span>
     <span class='ocr_line' id='line_1_39' title="bbox 78 4232 1281 4325; baseline 0 -23"><span class='ocrx_word' id='word_1_313' title='bbox 78 4236 171 4314; x_wconf 79' lang='grc' dir='ltr'><strong><em>(ὅταν</em></strong></span> <span class='ocrx_word' id='word_1_314' title='bbox 196 4242 255 4303; x_wconf 74' lang='grc' dir='ltr'>τοῦ</span> <span class='ocrx_word' id='word_1_315' title='bbox 279 4235 519 4318; x_wconf 83' lang='grc' dir='ltr'><strong><em>ὀνομαζομένου</em></strong></span> <span class='ocrx_word' id='word_1_316' title='bbox 543 4234 661 4317; x_wconf 81' lang='grc' dir='ltr'><strong><em>τὸμὲν</em></strong></span> <span class='ocrx_word' id='word_1_317' title='bbox 688 4237 864 4324; x_wconf 80' lang='grc' dir='ltr'><strong><em>καταλειάη</em></strong></span> <span class='ocrx_word' id='word_1_318' title='bbox 888 4234 923 4300; x_wconf 83' lang='grc' dir='ltr'>τὸ</span> <span class='ocrx_word' id='word_1_319' title='bbox 956 4238 990 4300; x_wconf 79' lang='grc' dir='ltr'>δὲ</span> <span class='ocrx_word' id='word_1_320' title='bbox 1022 4241 1113 4325; x_wconf 72' lang='grc' dir='ltr'><strong><em>ποιῇ,</em></strong></span> <span class='ocrx_word' id='word_1_321' title='bbox 1146 4232 1214 4302; x_wconf 78' lang='grc' dir='ltr'><strong><em>οἷον</em></strong></span> <span class='ocrx_word' id='word_1_322' title='bbox 1245 4237 1281 4302; x_wconf 76' lang='grc' dir='ltr'>τὸ</span> 
     </span>
     <span class='ocr_line' id='line_1_40' title="bbox 79 4339 1281 4427; baseline -0.003 -18"><span class='ocrx_word' id='word_1_323' title='bbox 79 4342 267 4427; x_wconf 61' lang='lat' dir='ltr'>„resumis</span> <span class='ocrx_word' id='word_1_324' title='bbox 288 4341 371 4408; x_wconf 78' lang='grc' dir='ltr'><strong><em>κατὰ</em></strong></span> <span class='ocrx_word' id='word_1_325' title='bbox 393 4341 520 4425; x_wconf 85' lang='grc' dir='ltr'><strong><em>μαζόν“</em></strong></span> <span class='ocrx_word' id='word_1_326' title='bbox 552 4339 625 4406; x_wconf 66' lang='grc' dir='ltr'>ἀντὶ</span> <span class='ocrx_word' id='word_1_327' title='bbox 646 4345 704 4406; x_wconf 82' lang='grc' dir='ltr'>τοῦ</span> <span class='ocrx_word' id='word_1_328' title='bbox 727 4339 831 4418; x_wconf 80' lang='grc' dir='ltr'>δεξιόν</span> <span class='ocrx_word' id='word_1_329' title='bbox 856 4342 941 4406; x_wconf 82' lang='lat'>1458</span> <span class='ocrx_word' id='word_1_330' title='bbox 965 4359 985 4406; x_wconf 82' lang='lat' dir='ltr'>a</span> <span class='ocrx_word' id='word_1_331' title='bbox 1008 4342 1029 4406; x_wconf 80' lang='lat'>5</span> <span class='ocrx_word' id='word_1_332' title='bbox 1051 4344 1156 4427; x_wconf 71' lang='lat' dir='ltr'>sqq),</span> <span class='ocrx_word' id='word_1_333' title='bbox 1188 4339 1281 4406; x_wconf 76' lang='lat' dir='ltr'>initio</span> 
     </span>
     <span class='ocr_line' id='line_1_41' title="bbox 78 4445 756 4530; baseline -0.006 -16"><span class='ocrx_word' id='word_1_334' title='bbox 78 4447 197 4530; x_wconf 84' lang='lat' dir='ltr'>capitis</span> <span class='ocrx_word' id='word_1_335' title='bbox 220 4446 323 4513; x_wconf 88' lang='lat' dir='ltr'>XXII</span> <span class='ocrx_word' id='word_1_336' title='bbox 349 4448 431 4512; x_wconf 78' lang='lat'>1458</span> <span class='ocrx_word' id='word_1_337' title='bbox 456 4465 476 4512; x_wconf 90' lang='lat' dir='ltr'>a</span> <span class='ocrx_word' id='word_1_338' title='bbox 502 4448 538 4511; x_wconf 80' lang='lat' dir='ltr'>ll</span> <span class='ocrx_word' id='word_1_339' title='bbox 564 4445 611 4511; x_wconf 90' lang='lat' dir='ltr'>sic</span> <span class='ocrx_word' id='word_1_340' title='bbox 633 4445 756 4528; x_wconf 80' lang='lat' dir='ltr'>pergit:</span> 
     </span>
    </p>
   </div>
   <div class='ocr_carea' id='block_1_3' title="bbox 0 0 1474 5026">
    <p class='ocr_par' dir='ltr' id='par_1_8' title="bbox 0 0 1474 5026">
     <span class='ocr_line' id='line_1_42' title="bbox 0 0 1474 5026; baseline 0 1"><span class='ocrx_word' id='word_1_341' title='bbox 0 0 1474 5026; x_wconf 95' lang='lat' dir='ltr'> </span> 
     </span>
    </p>
   </div>
  </div>
 </body>
</html>
