2964 5018
705 206 944 274 ...500ss

317 396 470 465 Praefixa
508 399 545 464 ᾰ-
584 408 618 465 et
656 398 689 464 ‹i-
729 400 782 466 vel
820 399 853 464 in
897 399 1000 464 isdem
1046 399 1216 465 vocubulis
1256 399 1429 480 permutari

230 505 394 572 videmus:
435 503 545 590 ὀετήςε
584 504 680 570 ὀστέα
715 510 750 569 et
784 503 883 589 αὐστῆ
917 503 996 568 Hes.
1034 501 1203 587 ὀγάστωρε
1244 501 1429 589 ιῖγάστσρες·

231 610 366 696 ἀδελφοί
383 611 511 691 δίδυμοι
527 610 606 675 Hes.
625 609 791 693 ὀμορβεῐντ
808 607 973 690 ἅμσρβεῖν,
983 609 1007 691 1)
1033 609 1192 690 ὅσαπρσςε
1218 607 1429 691 Ἀπατούρια.

231 714 364 799 dialog.-
388 715 502 800 ὅλοχσς
526 715 688 780 Theocrit.
706 714 857 779 XXVIII
880 718 900 777 6
924 712 980 798 (P).
1011 714 1100 791 ὅζοςε
1125 715 1201 790 ἁζος
1227 713 1318 792 quod
1342 732 1431 779 voca·

229 822 340 886 bulum
360 819 526 885 recensuit
548 825 633 884 teste
650 820 821 884 Athenaeo
838 818 886 883 VI
907 817 1004 882 ‘2670
1021 817 1206 882 Clitarchus
1223 821 1257 881 ἐν
1272 816 1432 900 γλώσσαις

217 923 316 988 ¹inter
338 923 404 989 elia
427 923 647 989 minmtrorum
672 922 802 987 nomina
825 922 867 986 ad
891 941 990 987 unum
1013 921 1121 986 omnia
1138 941 1156 986 e
1172 922 1336 986 sermonis
1360 939 1432 988 vere

230 1027 341 1109 graeci
378 1027 478 1107 copiis
515 1027 635 1092 hausta
673 1026 836 1109 (θεράπων
875 1023 1053 1101 ἀκόλουθος
1092 1025 1239 1102 διάκονος
1272 1025 1432 1111 ὑπηρέτης

231 1131 361 1213 incipiam
392 1131 534 1215 λάτρις),
567 1130 694 1216 ἄζηται·
725 1132 752 1195 οὶ
786 1129 955 1215 ἐγγύταιοι
986 1134 1042 1194 τοῦ
1072 1131 1234 1210 βασιλέως
1265 1130 1348 1195 Hes,
1381 1130 1431 1214 (ab

231 1232 327 1315 α’ζέω;
352 1232 391 1298 cf.
417 1233 540 1313 α’σζέω).
566 1234 692 1311 leving.-
717 1234 875 1318 ἅξυ).σς.9)

317 1339 408 1404 Idem
452 1339 480 1403 si
521 1338 554 1403 in
598 1338 840 1419 praepositione
883 1356 1010 1417 quoque
1054 1335 1237 1402 *sem-colcu
1274 1339 1430 1404 accidisse

230 1462 393 1510 sumamus
417 1449 452 1507 et
472 1443 615 1507 Homero
639 1462 697 1523 pro
722 1447 811 1507 ἕνεκα
842 1440 951 1522 potius
980 1441 1054 1506 ὅεκα
1078 1442 1217 1507 reddere
1241 1443 1430 1523 audeamus

230 1547 338 1613 omnia
361 1565 433 1611 sese
456 1551 546 1610 recte
569 1547 700 1611 habent.
737 1545 822 1628 Quin
844 1545 940 1610 immo
957 1546 1061 1626 possit
1083 1546 1246 1628 quispiam
1261 1548 1429 1629 suspicari,

230 1658 289 1716 att.
316 1649 438 1728 οὕνεκα,
463 1649 564 1715 sicubi
587 1669 659 1715 cmn
682 1649 836 1731 genetivo
860 1648 1086 1731 coniungatur,
1112 1670 1153 1715 ex
1179 1644 1256 1716 οὗκα
1282 1651 1320 1736 (=
1344 1652 1430 1735 ὅεκα)

230 1755 370 1836 quodam
394 1760 427 1819 et
450 1757 539 1819 ἕνεκα
563 1753 657 1834 quasi
680 1752 935 1818 contaminatum
959 1771 1049 1835 esse;
1073 1752 1113 1818 cl.
1138 1761 1249 1821 tamen
1274 1758 1428 1823 Wacker-

229 1861 326 1943 nagel
349 1860 417 1926 KZ.
441 1859 594 1924 XXVIII
620 1861 681 1923 109
705 1876 774 1938 sqq.

317 1964 381 2030 Sed
415 1966 511 2031 huius
544 1964 631 2029 modi
665 1963 883 2028 coniecturam
918 1982 977 2043 pro
1013 1969 1105 2028 certa
1139 1964 1317 2030 venditare
1348 1965 1430 2031 velle

231 2089 344 2150 parum
367 2071 549 2135 modestum
573 2074 636 2133 est:
662 2067 906 2132 demonstrasse
923 2066 1040 2132 sufficit
1063 2067 1314 2150 excogitari
1337 2089 1429 2151 posse

230 2175 388 2238 rationem
429 2193 494 2253 qua
527 2179 561 2238 et
595 2171 765 2254 productio
799 2170 830 2236 iu
869 2174 971 2235 εἵνεκα
1007 2176 1041 2236 et
1074 2173 1238 2252 correptIo
1272 2174 1309 2239 in
1344 2178 1430 2239 ἓνεκα

228 2277 390 2342 homerico
428 2277 508 2341 satis
547 2277 738 2358 explicetur.
786 2277 989 2358 Quamquam
1027 2277 1115 2341 haud
1149 2276 1273 2342 Infitias
1310 2297 1349 2343 eo
1384 2297 1430 2344 me

229 2381 313 2445 lianc
337 2380 555 2446 coniecturam
578 2400 665 2446 nunc
687 2380 854 2460 aliquanto
883 2380 1098 2447 confidentius
1128 2381 1308 2462 protulisse
1338 2403 1431 2464 quam

228 2485 261 2549 in
284 2486 464 2565 proecdosi,
489 2504 560 2550 cum
584 2486 723 2550 alterum
747 2486 931 2566 exemplum
951 2505 1075 2566 suppar
1098 2492 1135 2551 ut
1150 2485 1335 2553 invenirem
1359 2488 1432 2553 milri

229 2588 419 2671 contigerit:
445 2591 588 2675 ἕμμηρος
613 2590 697 2654 enim
722 2609 780 2670 pro
807 2590 927 2674 ὅμηρος
950 2589 1033 2654 dixit
1047 2588 1235 2653 Demetrius
1251 2588 1351 2674 frgm.
1369 2594 1431 2669 2,·2.

229 2692 323 2757 Kock
347 2693 363 2756 Ι
387 2694 450 2756 196
474 2694 557 2774 (coll.
583 2694 661 2758 Hes.
686 2713 711 2757 s.
736 2694 917 2780 ἐμμήροις).

665 2799 730 2863 VII
754 2819 784 2880 p.
810 2802 872 2864 ‘Iao
896 2820 927 2864 n.
954 2803 981 2864 1.

318 2890 348 2948 Ζ
372 2887 435 2949 269
460 2903 528 2964 sqq.

438 2985 507 3039 illl&
528 2985 562 3038 σὺ
581 2989 636 3055 μὲν
657 2986 727 3058 πρὸς
747 2987 815 3052 νηὸν
834 2990 982 3055 Ἀθηναίης
1001 2990 1120 3058 α’γεληης

439 3075 518 3140 ἔρχεο
538 3071 592 3125 σὺν
611 3078 755 3135 θυέεσσιν,
776 3076 947 3126 αόλλίσσασσ
967 3077 1085 3148 γεραιάς
1104 3072 1146 3138 qcf.
1165 3090 1207 3127 vv.
1220 3080 1261 3127 81.
1283 3082 1358 3143 287).

437 3162 548 3212 σέσιλον
568 3159 597 3212 δὲ
618 3189 651 3195 --
670 3163 721 3219 θὶς
741 3162 888 3225 Ἀθηναίης
909 3166 954 3215 ἐπὶ
976 3165 1114 3231 γούνασιν
1133 3163 1284 3231 ηὐκόμσιο.

228 3300 324 3348 secure,
343 3296 428 3349 germ.
447 3283 518 3347 scale)
536 3280 579 3333 cui
597 3281 769 3333 coniecturae
790 3295 842 3333 non
868 3279 961 3335 obstat
979 3292 1009 3336 ut
1027 3283 1055 3335 in
1074 3283 1208 3337 vocabulo
1227 3284 1308 3353 epico
1328 3287 1431 3340 eodem·

228 3384 280 3436 que
311 3367 434 3422 obsoleto
462 3372 591 3421 accentus
618 3365 779 3430 (Herodian.
810 3366 822 3418 l
850 3372 912 3434 166,
943 3371 985 3434 16)
1013 3378 1062 3422 aut
1090 3369 1211 3436 spiritus.
1249 3370 1293 3424 De
1322 3374 1430 3427 notione

228 3454 262 3511 cl.
282 3458 371 3508 ἄλοκα
390 3460 506 3520 τίμησιν
524 3451 617 3519 Bergk
630 3451 683 3505 111⁴
698 3468 723 3519 p.
737 3457 768 3504 81
786 3452 822 3506 in.
850 3457 898 3510 Ar.
917 3457 968 3509 Ar.
990 3461 1064 3511 1400.
1096 3455 1203 3510 Gallim.
1224 3457 1250 3513 h.
1270 3458 1355 3517 Dian.
1378 3466 1430 3513 180.

228 3543 309 3610 srgm.
328 3540 412 3599 1611).
444 3539 544 3594 Kaibcl
562 3556 603 3595 nr.
620 3544 677 3605 116,
700 3544 728 3607 13
747 3538 821 3605 apud
835 3548 930 3605 poetas
950 3541 1089 3595 Romanos
1103 3558 1187 3597 naves
1207 3559 1284 3598 mare
1297 3555 1327 3599 et
1346 3567 1429 3600 secor«

228 3635 256 3682 et
280 3633 383 3683 calcitro
408 3637 502 3683 notum
528 3634 585 3695 est,
609 3643 659 3681 noc
686 3625 763 3680 nobis
790 3627 952 3681 inusitatum
980 3631 1049 3683 ‘eine
1075 3629 1184 3683 Furche
1211 3631 1382 3690 schneideu'.
1400 3664 1430 3672 -

228 3717 283 3771 Alii
303 3717 358 3772 alia
383 3723 567 3782 tentaverunt,
587 3714 620 3771 cl.
645 3713 859 3769 Huebschmann
880 3714 937 3782 Idg.
965 3716 1153 3785 Voculsystem
1181 3724 1239 3771 lto.
1268 3725 1329 3787 196,
1348 3736 1429 3789 neque

228 3811 321 3861 tamen
344 3806 411 3859 mihi
433 3813 638 3873 persuaserunt.

301 3899 319 3958 ¹)
340 3889 467 3967 clpaoppoc
492 3918 525 3937 =
550 3894 710 3952 α’κόλουθος
739 3899 765 3944 Ν
788 3895 836 3943 196
864 3899 976 3945 aristote
1004 3889 1130 3944 Naurkio
1159 3892 1223 3947 Mel.
1253 3909 1380 3960 gramm.
1407 3895 1429 3947 ll

228 3986 287 4034 429.
308 4012 340 4019 -
359 3981 422 4036 Alia
442 3991 483 4035 est
501 3981 574 4036 ratio
597 3980 741 4034 verborum
762 3981 898 4050 ὁμαρτεῖν
924 3983 952 4031 el
972 3981 1114 4048 ἁμαρτεῖν
1137 3979 1265 4046 Spiizner
1292 3982 1362 4036 Exc.
1381 3981 1428 4036 ΧΗ

228 4068 263 4123 erl
282 4068 314 4120 Il.
335 4069 453 4140 ὀμηηεῑν
472 4069 537 4131 (voc.
557 4065 629 4130 ach.)
648 4072 675 4120 et
698 4068 824 4137 σμαρεῑη
844 4063 963 4118 Lobeck.
983 4064 1090 4131 Proleg.
1109 4070 1160 4118 ‘278
1180 4082 1205 4119 n.
1226 4073 1268 4120 54.
1302 4068 1429 4125 Enstcth.

229 4159 294 4221 592,
313 4159 345 4206 21
369 4155 528 4222 quibuscum
555 4161 673 4221 cognata
697 4161 761 4207 sunt
779 4152 854 4206 loris
880 4152 1006 4219 epitheta
1030 4155 1169 4225 Ὁμιέριος
1195 4156 1335 4226 Ἀμιέριος
1363 4170 1429 4224 qnae

228 4243 339 4295 notione
358 4257 413 4295 non
433 4241 547 4296 multum
572 4241 677 4295 distant
695 4240 731 4295 ab
749 4241 926 4312 Ἱηιαγσριος
952 4239 1144 4294 ‘Buculeszeus'
1164 4239 1214 4304 (Le
1239 4240 1429 4297 Bas-Foucm

229 4344 269 4384 nr.
283 4333 333 4381 353
352 4343 412 4380 cum
432 4339 499 4384 note
512 4329 652 4384 Foucartii
671 4329 785 4397 quinon
805 4337 879 4380 recte
903 4326 1037 4394 explicam
1057 4326 1255 4395 Dittenberger
1273 4327 1344 4399 Syll.
1368 4332 1429 4395 118).

230 4416 335 4488 ὁμηρης
354 4414 413 4470 Nic.
433 4417 477 4470 Al.
496 4423 529 4470 70
549 4441 579 4465 =
601 4418 706 4487 ὀμαρὲς
727 4416 790 4469 Hes.
823 4410 953 4485 Ὅμηρος
972 4415 1086 4468 Aetolus
1105 4415 1186 4472 BCH.
1205 4415 1259 4468 Vll
1280 4422 1343 4471 ⁴21.

299 4507 319 4573 ²)
335 4504 448 4563 Ἆξυλος
466 4529 492 4548 κ
511 4504 643 4563 Ὀξυλοςῖ
675 4503 781 4557 Usener
801 4502 890 4568 Altgr.
910 4502 1034 4556 Verebar
1054 4507 1095 4558 32.
