2940 5026
546 201 783 268 -12‘1-

61 396 142 459 sunt
183 391 340 475 κᾶτμδών
383 391 516 475 &sadda
558 411 642 474 quae
683 393 891 460 commendat
927 398 1003 476 post
1035 394 1265 464 Hoffinannum

61 496 207 583 (Quaest
237 498 323 564 horn.
352 497 387 564 H
418 501 477 581 613
513 498 553 565 cf.
584 499 684 565 etiam
717 499 831 566 Knoes
864 501 906 565 de
939 499 1005 582 dig.
1039 501 1115 586 114)
1149 502 1264 569 Monro

60 603 162 687 (hcm.
194 623 330 686 gramm.
361 603 458 690 301),
493 603 642 684 quamvis
678 604 879 671 abhorreant
912 623 934 671 a
962 604 1095 688 linguae
1125 624 1265 688 graecae

59 708 172 773 Indole
203 727 287 789 quae
317 708 584 774 assimilationem
614 708 768 790 nequiuit:
804 709 861 775 alii
890 709 979 776 aliud
1009 710 1159 792 suadent,
1183 710 1266 777 Ficlr

60 813 115 900 (Il.
141 816 184 880 85
214 814 258 879 ad
285 819 320 878 Π
344 815 407 879 232
431 813 503 879 ooll.
526 814 605 898 551)
637 813 812 897 tietfrido.
858 814 972 896 Neque
1002 813 1144 881 animum
1171 814 1263 881 indu-

59 936 138 985 cere
170 917 264 1001 potui
286 924 323 984 ut
352 918 414 984 hoc
442 917 512 985 loco
536 917 570 984 in
597 937 731 986 censum
761 937 914 988 vocarem
943 917 1118 1002 participia
1147 919 1181 985 In
1204 920 1265 999 -dg

58 1023 156 1091 velut
180 1023 297 1106 sealde
328 1021 456 1110 ἀρηρώς
494 1042 630 1105 quorum
664 1024 797 1107 longam
826 1022 987 1107 syllabam
1017 1023 1055 1090 L.
1085 1024 1201 1108 Meyer
1231 1031 1266 1092 et

59 1126 338 1213 Wackernagel¹l
373 1125 508 1192 adscitis
541 1126 654 1193 formis
682 1146 764 1209 quas
794 1132 915 1211 putant
936 1127 1106 1210 pulmarias
1137 1128 1265 1213 *sudfolc

60 1231 232 1318 *dpupfdc
254 1230 419 1313 explicare
435 1236 604 1298 conantur.
638 1231 688 1298 De
711 1232 860 1316 syllabae
874 1232 1027 1299 radicalis
1051 1233 1264 1315 productione

60 1357 158 1419 quam
192 1338 226 1405 in
265 1338 374 1405 multis
409 1339 587 1407 observare
623 1339 702 1406 licet
735 1337 813 1418 quid
850 1336 990 1403 sentiam
1025 1338 1162 1418 exposui
1195 1338 1263 1403 ΚΖ.

63 1441 195 1508 XXVII
210 1441 323 1530 547¹);
348 1442 511 1526 digamma
534 1448 644 1509 autem
659 1442 693 1508 in
715 1441 766 1508 his
788 1441 854 1507 iam
877 1440 1067 1507 maturrime
1090 1441 1264 1509 evanuisse

65 1545 255 1628 insequente
289 1576 315 1613 ω
349 1547 444 1628 quasi
474 1549 663 1630 absorptum
697 1551 832 1614 auctore
862 1546 938 1613 Joh.
968 1545 1181 1633 stimuum)
1212 1566 1262 1614 ar-

64 1648 166 1716 bitror
188 1650 244 1736 (cf.
268 1651 409 1729 κεκόπῶς
433 1657 468 1718 Ν
489 1649 591 1739 60).⁴)

148 1755 328 1821 Videamus
343 1773 430 1821 nunc
444 1754 524 1836 quid
538 1772 580 1820 ex
595 1753 643 1821 eis
658 1772 743 1836 quae
756 1753 979 1837 congessimus
996 1753 1150 1838 colligere
1165 1755 1264 1823 liceat

59 1859 100 1926 de
125 1878 240 1926 earum
266 1859 467 1943 syllabarum
496 1877 597 1941 quae,
629 1859 705 1925 olim
734 1857 897 1941 positione
927 1878 1024 1940 qnam
1053 1860 1166 1927 littera
1188 1862 1263 1928 Vau

58 1982 238 2031 consonam
256 1963 432 2045 insequens
448 1961 609 2030 efficiebat
623 1962 813 2046 productae,
837 1964 879 2029 ab
895 1963 1015 2030 Atticis
1030 1964 1261 2049 corripiuntur,

58 2068 249 2149 quantitate
270 2067 445 2134 homerica.

148 2171 323 2256 Leguntur
344 2172 433 2255 apud
456 2172 634 2238 Homerum
664 2172 896 2239 vocabulorum
926 2192 1010 2254 quae
1041 2173 1217 2256 aliquando
1239 2198 1263 2259 y

58 2282 137 2360 post
159 2296 334 2345 consonam
362 2277 540 2363 (μνλρσ
556 2276 590 2362 δ)
620 2275 815 2343 collocatum
837 2277 991 2344 habuisse
1018 2278 1187 2360 probabile
1210 2286 1263 2346 est

59 2401 120 2449 eae
154 2381 280 2449 formae
318 2401 400 2464 quas
439 2399 556 2449 versus
591 2379 702 2464 opicus
737 2381 835 2448 etiam
875 2384 1089 2465 productione
1129 2385 1262 2468 dempta

58 2488 257 2574 reciperer)
290 2508 317 2555 c.
354 2487 488 2554 1600ies
524 2487 586 2569 ita,
626 2491 663 2552 ut
695 2486 824 2570 syllaba
862 2487 1023 2571 digammo
1062 2489 1261 2557 antecedens

60 2631 101 2641 -
125 2598 235 2659 utrum
258 2592 471 2676 productione
494 2591 698 2675 suppletoria
720 2590 850 2678 (ξεῖνος)
873 2611 917 2659 an
940 2593 1102 2677 positione
1124 2594 1260 2682 (ξέηος)

58 2697 221 2764 Incertum
255 2736 296 2745 -
329 2697 430 2780 longa
466 2696 641 2763 reddatur:
680 2695 772 2762 58Ies
811 2697 938 2779 syllaba
976 2697 1167 2781 corripitur,
1206 2699 1262 2781 qui

59 2820 215 2869 numerus
245 2820 370 2868 summo
401 2819 500 2883 opere
529 2801 754 2882 imminuetur,
788 2799 985 2883 simulatque
1009 2803 1114 2879 aliam
1144 2822 1261 2871 versus

59 2905 240 2973 scandendi
261 2905 431 2988 rationem,
463 2924 484 2971 a
506 2905 670 2972 codicibus
693 2905 823 2987 quidem
846 2925 911 2973 non
934 2907 1179 2991 suppeditatum
1201 2909 1260 2975 sed

59 3013 101 3078 ab
135 3010 206 3094 ipso
241 3009 384 3076 Homero
418 3009 601 3076 luculenter
636 3047 676 3057 -
711 3010 787 3078 vide
822 3030 906 3093 quae
941 3012 982 3079 de
1018 3020 1137 3092 ξεῖνοςε
1172 3016 1260 3101 ξενίη

59 3115 200 3183 diximus
224 3133 326 3198 supra
348 3134 423 3199 pag.
447 3116 488 3182 85
508 3133 556 3197 sq.
581 3152 621 3162 -
645 3120 861 3182 monstratam
884 3117 1127 3186 admiserimus:
1160 3118 1259 3206 ξειήη

132 3273 153 3341 ¹)
171 3272 234 3339 Vgl.
254 3272 301 3329 Gr.
320 3271 347 3325 II
366 3275 425 3328 228.
446 3298 476 3308 -
496 3268 554 3328 ΚΖ.
573 3269 678 3324 XXVII
697 3275 757 3328 ata.

130 3362 151 3428 ²)
170 3360 249 3414 Hanc
279 3358 585 3415 commentatiunculam
617 3359 665 3428 qui
694 3359 782 3415 citant
810 3391 841 3400 -
869 3360 993 3432 plerique
1025 3362 1185 3420 dubitantes
1216 3364 1260 3421 ool

58 3447 248 3517 improbantes
272 3476 304 3487 -
327 3448 420 3515 potius
448 3448 534 3503 citare
562 3445 715 3502 debuerunt
742 3446 881 3517 Spitzneri
907 3450 1059 3507 Lautlobre
1092 3451 1139 3506 des
1166 3452 1260 3510 arcad.

58 3535 183 3591 Dialects
207 3539 236 3588 ta
255 3535 331 3589 cuius
349 3533 436 3589 libelli
454 3535 551 3602 paullo
563 3535 640 3603 prins
652 3534 752 3605 emissi,
770 3534 819 3590 sed
838 3536 874 3591 ad
893 3553 936 3592 me
949 3546 1015 3593 tunc
1033 3554 1094 3594 cum
1113 3538 1260 3595 scriberem

58 3623 180 3679 nondum
199 3621 301 3691 perlati
319 3629 417 3677 arrctor
435 3621 550 3676 eandem
565 3620 599 3676 da
614 3621 715 3692 fredus
734 3625 846 3698 ᾰρῃρώς
859 3626 1026 3682 sententiam
1044 3626 1162 3696 protulit
1176 3643 1259 3697 quam

58 3725 109 3779 eqo
127 3725 237 3779 quoque
254 3708 304 3763 ills
323 3707 510 3777 disputatione
529 3707 626 3764 fulcire
644 3708 739 3763 studui
757 3713 787 3764 et
804 3709 940 3780 hodieque
958 3722 1045 3770 tueor.

129 3800 151 3867 ⁸)
171 3796 227 3855 KZ.
246 3795 338 3852 XXVI
356 3801 416 3854 858.
452 3795 545 3851 Etiam
560 3797 655 3868 folfar)
674 3797 781 3853 Initiale
800 3800 951 3866 spirantem
970 3800 1059 3856 minus
1078 3800 1125 3855 diu
1145 3801 1259 3856 retInuit

57 3901 138 3956 quam
165 3885 239 3940 aliae
262 3884 402 3955 syllabae3
427 3883 461 3942 ci.
486 3883 596 3940 Abrens
619 3884 721 3943 Philol.
747 3885 852 3942 XXXV
872 3892 905 3941 50
928 3894 986 3946 not.
1022 3887 1055 3946 L.
1079 3886 1175 3957 Meyer
1198 3886 1257 3947 ΚΖ.

57 3972 153 4028 XXIII
173 3976 206 4026 48
226 3987 284 4042 sqq.

127 4063 149 4128 ⁴)
170 4059 277 4115 ἔᾱδότα
302 4065 393 4118 1178.
420 4076 438 4113 o
456 4065 507 4113 422
535 4067 584 4115 aut
611 4059 745 4116 aeolicum
771 4067 814 4116 est
837 4069 887 4117 aut
913 4061 942 4116 in
970 4064 1071 4130 quc'ru
1097 4062 1258 4119 mutandum

56 4146 177 4204 videtur:
196 4146 299 4203 vocalis
317 4155 392 4202 certe
410 4145 512 4202 radicis
531 4161 586 4202 non
604 4146 734 4219 litteras
752 4147 818 4202 olim
842 4152 907 4216 post
926 4148 1096 4207 doollocata
1113 4149 1259 4220 producta,

55 4235 103 4291 ted
123 4245 226 4291 natura
249 4235 333 4304 longa
356 4241 399 4291 est
424 4232 467 4302 (cf.
487 4237 556 4305 ἔᾶγε
576 4234 642 4290 Hes.
661 4234 711 4302 Op.
731 4239 790 4288 tut.
814 4234 869 4289 ion.
889 4239 958 4307 ἔηγα
976 4233 1030 4308 dyc
1054 4238 1083 4293 in
1108 4245 1259 4310 κατηγυίης

55 4323 161 4380 Phoen.
180 4323 296 4393 Coloph.
315 4328 340 4392 a,
358 4329 375 4376 I
393 4339 420 4392 p.
441 4326 489 4376 tta
508 4321 616 4393 Mein).

128 4413 150 4480 ⁸)
168 4411 231 4467 Non
259 4409 430 4467 excludenda
457 4411 553 4479 putari
578 4409 731 4470 Πολυῖδος
756 4406 886 4479 dolabra
910 4409 1011 4467 similia
1035 4409 1257 4481 quandoquidem

55 4508 156 4567 poetae
178 4501 296 4552 navtu—
315 4508 344 4554 et
361 4505 538 4566 augmentum
556 4497 707 4568 temporale
726 4495 859 4553 adhibere
876 4503 1034 4566 potuerunt.
