2956 5040
608 239 845 305 -275-

212 430 301 514 Quos
323 448 429 500 voces
445 429 541 495 trium
565 429 748 511 pluriumve
763 429 910 497 brevium
928 435 962 496 et
981 430 1213 512 antispasticas
1235 434 1324 500 haud

122 553 198 600 raro
226 534 438 616 productione
466 535 627 600 artificiali
653 535 765 602 versui
795 539 929 615 aptasse
956 535 1175 601 intelleximus
1207 542 1323 617 poetas

123 660 166 706 11
176 636 221 706 'in
245 641 412 708 vocabulis
442 640 571 721 quidem
595 657 679 720 quae
712 639 846 705 brevem
869 639 1032 720 utrimque
1054 640 1161 722 longis
1185 639 1323 725 (upote-

121 743 234 835 μῖῃσι)
266 745 336 813 1111
367 746 442 811 hinc
472 745 621 811 consonis
655 743 826 825 positionis
859 743 1073 810 effectricibus
1103 744 1191 810 illinc
1224 746 1323 828 longa

123 848 313 936 (πνέουσαν)
336 849 579 915 111111111111111
602 849 769 914 habenta
792 866 891 914 versu
916 849 1106 914 hexametro
1129 869 1194 914 non
1218 849 1322 915 miuus

124 953 374 1020 abhorrentibus
412 954 497 1019 hanc
523 952 694 1018 licentiam
734 971 868 1034 prorsus
906 971 1062 1034 respuere
1103 959 1137 1019 et
1174 955 1323 1021 aversari
1361 989 1367 994 ’

124 1059 304 1124 ostendunt
325 1058 451 1138 aliquot
479 1057 575 1123 huius
605 1056 735 1140 generis
766 1057 916 1139 exempla
939 1076 1023 1137 quae
1054 1059 1186 1126 brevem
1216 1059 1322 1142 longis

123 1162 356 1228 circumdatam
387 1161 521 1228 metrice
552 1161 708 1227 exhibent
737 1162 938 1242 productam.
990 1163 1030 1227 Iu
1060 1163 1181 1228 talibus
1212 1170 1321 1230 autem
1400 1202 1409 1218 =

123 1266 294 1349 productio
321 1267 457 1333 metrica
478 1265 548 1332 fere
572 1267 613 1331 ab
636 1265 703 1330 arsi
726 1269 858 1330 arcetur
881 1270 915 1329 et
936 1265 1033 1348 louge
1056 1266 1220 1348 plerisque
1243 1269 1323 1334 locis

122 1390 188 1436 uon
212 1370 396 1436 admittitur
418 1368 481 1435 disi
503 1369 536 1434 in
560 1369 660 1450 thesi,
693 1368 733 1433 de
764 1368 855 1433 cuius
885 1367 934 1433 rei
964 1368 1067 1449 primo
1095 1371 1210 1436 obtutu
1241 1371 1323 1437 satis

122 1475 224 1541 mirac
259 1473 476 1555 explicatione
513 1478 630 1554 postea
663 1471 853 1540 videbimus.
899 1473 939 1537 In
972 1473 1023 1538 his
1054 1481 1176 1554 quanto
1211 1476 1323 1541 durior

123 1585 213 1645 esset
245 1578 416 1660 productio
450 1577 574 1644 vocalis
607 1577 641 1642 in
674 1577 761 1642 thesi
794 1577 974 1642 collocatae
1008 1596 1114 1658 neque
1152 1570 1322 1659 quicquam

123 1683 236 1749 auxilii
266 1689 380 1764 petere
411 1688 571 1763 possete
601 1682 691 1749 vocis
721 1682 863 1749 elatione
893 1701 978 1763 quae
1000 1688 1039 1747 ut
1066 1683 1100 1747 in
1130 1683 1198 1748 arsi
1227 1684 1323 1749 metri

123 1790 276 1855 damnum
311 1787 416 1852 miuus
451 1786 735 1853 animadvertatur
769 1786 896 1852 efficere
932 1787 1038 1870 valet,
1073 1792 1165 1853 tanto
1200 1789 1323 1854 maiore

122 1913 195 1960 cum
226 1912 305 1959 cura
335 1897 451 1974 poetas
475 1893 686 1959 observamus
708 1891 741 1955 id
765 1891 873 1973 egisse
896 1896 934 1956 ut
962 1893 1047 1957 hauc
1077 1893 1322 1973 productionem

123 1999 226 2064 solum
260 1998 293 2062 in
328 1997 375 2062 eis
410 1996 546 2080 syllabis
580 1996 774 2061 adhiberent
807 2015 944 2076 quarum
978 1995 1104 2061 indoles
1135 2002 1169 2061 et
1202 2004 1323 2064 natura

123 2102 360 2183 quodammodo
389 2101 564 2168 adiuvaret
585 2101 847 2181 productionem:
876 2118 939 2179 quo
962 2099 1084 2165 factum
1108 2107 1160 2166 est
1182 2108 1220 2166 ut
1241 2104 1324 2168 haec

123 2208 284 2274 vocalium
308 2206 340 2271 in
364 2205 450 2271 thesi
473 2205 704 2270 collocatarum
728 2203 899 2285 productio
922 2204 1051 2269 nonnisi
1074 2211 1151 2270 ante
1177 2207 1322 2272 litteram

124 2312 197 2377 Vau
221 2311 309 2377 etin
342 2310 508 2379 vocalibus
531 2338 540 2375 ι
567 2338 584 2374 v
607 2309 640 2374 in
670 2309 762 2374 hiatu
792 2308 908 2389 positis
937 2309 1042 2374 locum
1066 2310 1246 2392 inveniret3
1280 2331 1322 2377 ne

125 2420 201 2482 ante
225 2422 354 2482 ceteras
383 2414 524 2495 liquidas
556 2414 683 2494 quidem
709 2413 866 2492 occurrit,
898 2413 1017 2478 nedum
1040 2419 1118 2478 ante
1141 2415 1224 2480 alias
1247 2435 1321 2481 con-

125 2539 232 2587 sonas.

210 2625 312 2690 Vides
335 2622 437 2706 igitur
460 2623 582 2704 aliquid
613 2629 702 2689 certe
732 2624 804 2691 veri
825 2624 934 2689 inesse
958 2623 991 2689 iu
1018 2642 1129 2690 corum
1157 2624 1322 2692 sententia

125 2729 180 2811 qui
202 2728 290 2811 apud
313 2728 492 2793 Homerum
514 2726 647 2794 vocales
675 2726 828 2808 digammi
851 2744 913 2806 ope
940 2725 1075 2807 produci
1097 2744 1194 2807 posse
1218 2729 1321 2810 suspi-

124 2836 190 2902 cati
211 2838 302 2915 sunt3
327 2831 382 2912 qui
404 2837 515 2897 tamen
531 2849 569 2895 eo
594 2835 747 2895 errarunt
769 2829 855 2910 quod
870 2829 932 2893 hoc
954 2829 1048 2893 modo
1064 2829 1155 2893 nasci
1178 2831 1323 2914 syllabas

124 2958 202 3008 vere
224 2940 341 3020 longas
370 2941 568 3002 statuerunt.
577 2937 603 3021 ¹)
622 2984 628 2994 .
649 2937 750 3000 111111
781 2933 955 3016 peculiaris
977 2935 1091 2999 harum
1123 2936 1322 3018 syllabarum

124 3050 252 3124 natura,
284 3061 369 3124 quae
398 3041 486 3106 inter
515 3041 632 3124 longas
655 3047 690 3106 et
719 3042 837 3106 breves
868 3038 962 3119 quasi
991 3040 1204 3106 intermediae
1228 3047 1324 3106 erant

124 3150 269 3231 proxime
292 3153 403 3212 tamen
426 3146 469 3212 ad
500 3145 648 3212 brevium
671 3161 855 3208 mensuram
880 3143 1097 3226 accedebant,
1128 3145 1189 3209 hoc
1220 3146 1323 3211 solum

124 3253 250 3319 efficere
273 3258 421 3335 poterat,
453 3255 490 3317 ut
512 3249 683 3332 productio
706 3247 884 3314 metrica
914 3249 1082 3315 informis
1106 3270 1189 3330 quae
1213 3250 1323 3316 versui

123 3357 287 3422 resultant
317 3361 452 3437 propter
475 3353 705 3420 necessitatem
737 3352 881 3418 admissa
911 3354 1044 3420 auribus
1075 3354 1180 3419 1111111
1212 3346 1322 3434 displi-

124 3466 230 3542 ceret,
266 3460 418 3540 quoniam
449 3478 514 3528 vox
543 3459 577 3524 in
611 3456 662 3523 his
692 3457 827 3540 syllabis
862 3476 922 3538 per
952 3477 987 3523 se
1022 3457 1167 3539 paullulo
1201 3456 1323 3521 diutius

124 3584 220 3647 quam
249 3564 283 3630 in
315 3564 433 3630 ceteris
463 3563 617 3630 brevibus
647 3562 813 3627 immorari
851 3567 885 3626 et
917 3561 1053 3627 retineri
1090 3561 1233 3642 solebat;
1269 3560 1324 3625 ubi

122 3675 233 3734 tamen
256 3669 346 3735 nulla
369 3675 442 3735 erat
464 3668 645 3735 necessitas
668 3667 878 3748 producendi,
907 3665 1031 3735 vocalis
1055 3669 1132 3730 ante
1149 3687 1172 3746 f
1195 3681 1324 3744 semper

124 3793 182 3854 pro
213 3793 292 3842 vere
321 3774 415 3841 brevi
445 3774 628 3839 adhibetur.
675 3771 766 3836 Idem
797 3771 915 3837 cadere
942 3771 976 3836 in
1004 3778 1016 3835 ῐ
1043 3777 1062 3835 t
1086 3773 1163 3835 ante
1192 3767 1323 3835 vocales

124 3879 232 3960 posita
254 3878 405 3959 exempla
428 3877 599 3944 docebunt.
1279 3951 1283 3958 ,

209 3984 333 4049 Poetas
356 4002 437 4063 quos
452 3984 487 4049 in
508 3984 571 4049 hac
593 4002 629 4048 re
652 3982 770 4049 iudicio
794 3983 1028 4064 circumspecto
1045 3979 1152 4063 egisse
1175 3977 1323 4046 videmus

123 4085 256 4152 licentia
287 4087 344 4151 illa
373 4087 407 4152 in
437 4085 625 4153 universum
656 4086 705 4152 uti
739 4087 882 4153 noluisse
913 4086 941 4151 si
971 4104 1069 4153 voces
1102 4082 1191 4149 facili
1222 4101 1324 4164 opera

124 4191 221 4256 aliter
250 4191 362 4258 versui
392 4191 628 4256 accommodari
658 4195 809 4273 possent,
839 4190 996 4272 exemplis
1020 4189 1134 4272 opinor
1161 4207 1235 4255 mox
1258 4187 1322 4253 sin·

198 4354 216 4412 ¹)
234 4347 362 4401 Proxime
381 4348 480 4402 aberat
499 4364 515 4402 a
534 4362 599 4424 raro
624 4347 689 4402 Sittl
708 4347 807 4404 Philol.
827 4354 875 4415 43,
898 4353 937 4417 lt,
962 4347 1008 4416 qui
1033 4355 1126 4401 tamen
1151 4362 1205 4416 quc
1230 4352 1272 4399 est
1295 4346 1323 4398 iu

123 4436 166 4489 his
191 4434 272 4489 rebus
298 4435 478 4502 perversitate
501 4434 594 4488 iudicii
619 4436 712 4489 omnia
739 4451 838 4505 susque
865 4435 953 4502 deque
982 4433 1079 4488 habuit
1105 4434 1198 4502 itaque
1226 4448 1322 4501 parum

123 4523 250 4590 profecit.

1116 4613 1177 4675 la*
