2956 5018
563 230 799 296 -419-

82 420 128 509 μὴ
153 420 282 487 dedisse
305 418 371 505 (La
393 419 504 484 Roche
528 418 568 483 H.
593 417 725 484 Unters.
749 418 807 503 57)
838 419 893 500 qui
915 420 1106 503 meminerit,
1137 441 1202 488 non
1225 422 1281 489 diu

81 524 259 591 haesitabit
287 523 409 589 inscius
438 522 479 588 de
508 522 690 603 particulae
719 520 757 587 ἄν
787 541 884 603 quam
914 525 964 591 his
994 525 1143 592 versibus
1172 526 1281 593 inesse

83 647 196 694 omnes
227 628 333 693 adhuc
356 626 566 692 crediderunt
593 624 732 706 origine:
763 633 800 691 A
825 630 884 693 187
917 635 991 695 erat
1020 648 1092 695 cum
1122 629 1282 711 inciperet

83 753 104 799 a
127 733 281 797 trochaeo
304 729 338 794 in
368 729 453 794 hunc
482 727 613 793 modum
641 725 731 814 ὄφρα
753 731 814 811 μέν
835 755 904 814 aem
940 733 1122 813 quodcum
1146 733 1282 815 proclivi

83 856 195 904 errore
217 837 250 903 in
276 835 362 922 ὄφρα
378 834 462 916 μμέι
478 858 530 896 κεν
552 831 696 914 abiisset,
721 836 920 916 posteriores
935 838 1010 904 inde
1034 837 1073 903 clv
1088 837 1282 919 particulam

83 960 257 1024 perperam
287 938 477 1004 elicuerunt.
524 934 571 999 Cf.
602 942 638 1000 A
667 938 732 1003 413
763 940 862 1005 ἔλσαι
896 940 923 1006 δ’
953 944 986 1007 ἐι
1015 944 1169 1024 μέσσοισι
1198 939 1282 1022 μετὰ

85 1048 181 1133 σφίσι
203 1043 259 1111 ubi
281 1046 313 1108 ἐν
337 1041 452 1107 eadem
475 1055 609 1120 prorsus
632 1040 759 1106 ratione
782 1042 947 1110 invectum
971 1050 1038 1109 est:
1068 1043 1107 1110 dd
1129 1046 1283 1127 μέσσοισι

85 1182 117 1210 >
143 1151 432 1233 clippiacum>
458 1143 484 1209 δ’
508 1147 542 1210 ἐι
564 1136 727 1226 μέσσοισι.
773 1145 987 1213 coniecturae
1009 1167 1102 1213 meae
1126 1167 1167 1213 ex
1189 1148 1283 1215 varia

83 1254 224 1320 lectione
248 1258 282 1318 et
304 1251 448 1318 codicum
472 1250 522 1336 (A
543 1252 613 1315 187.
639 1253 656 1329 ζ
678 1248 757 1334 259)
781 1253 815 1315 et
837 1250 1032 1317 scholiastae
1051 1252 1094 1335 (Β
1110 1252 1152 1318 ad
1168 1259 1204 1318 A
1219 1254 1282 1319 225

86 1357 142 1423 ubi
165 1355 313 1422 adfertur
336 1362 372 1421 A
395 1357 472 1442 202)
497 1393 537 1401 -
563 1353 650 1441 ὄφρα
678 1355 738 1435 μέν
760 1379 811 1418 κει
835 1391 874 1398 -
899 1354 1069 1435 quicquam
1098 1355 1175 1420 fidei
1197 1358 1283 1424 veile

85 1460 260 1527 conciliare
282 1457 392 1525 iudicii
416 1463 504 1523 esset
525 1456 724 1523 incautioris.

172 1564 296 1629 Parum
319 1561 397 1627 mihi
419 1565 550 1628 constat
572 1561 613 1626 de
641 1589 658 1644 ρ
682 1562 746 1626 393

295 1669 377 1730 ἄσσα,
395 1666 435 1736 μή
453 1685 505 1734 μοι
524 1667 625 1720 τοῦτον
644 1667 763 1734 clarifico
783 1663 870 1717 uolut
889 1671 1027 1733 finanum
1046 1697 1079 1705 -

84 1757 132 1822 sic
155 1753 311 1837 plerique,
336 1754 394 1819 sed
410 1781 458 1839 γρ.
477 1754 552 1838 σίγα
576 1754 662 1834 quod
678 1773 764 1819 nunc
786 1760 952 1835 receptum
968 1755 1119 1820 meliores
1141 1756 1216 1823 libri
1232 1795 1283 1840 —,

84 1878 158 1926 cum
181 1856 376 1939 praesertim
398 1875 440 1921 nc
464 1857 505 1922 de
528 1859 560 1928 Ξ
582 1860 634 1924 90.
667 1860 780 1923 ι486.
813 1866 829 1936 ξ
851 1861 916 1925 493
940 1858 1069 1939 quidem
1100 1860 1182 1925 satis
1205 1861 1283 1926 deli-

85 1968 220 2045 quatum
243 1961 302 2042 sit,
334 1966 443 2026 utrum
473 1968 572 2042 poeta
596 1963 671 2046 m‘ya
693 1958 738 2046 pq*
770 1961 824 2027 vel
849 1962 924 2040 ‹u'ya
948 1968 1004 2026 νῦν
1033 1962 1090 2046 (in.
1114 1964 1284 2049 versuum)

85 2064 228 2135 voluerit
265 2083 308 2129 an
349 2077 425 2149 σῖγα
463 2066 653 2130 trochaeum
693 2065 747 2145 qui
788 2066 912 2146 placuit
950 2086 1000 2132 ex.
1036 2087 1085 2149 gr.
1120 2067 1284 2149 Aeschylo

86 2170 268 2234 Α.1298.

117 2189 140 2252 g
172 2274 240 2339 Nec
263 2272 368 2355 magis
391 2272 472 2338 certi
495 2271 665 2352 quicquam
689 2276 836 2337 statuere
860 2273 963 2338 ausim
986 2274 1027 2338 de
1042 2273 1286 2340 Wilamowitzii

86 2378 273 2444 coniectura
296 2377 369 2443 HU.
394 2380 460 2444 324
482 2396 612 2446 versum
635 2382 667 2441 B
689 2377 753 2441 585
776 2374 824 2439 sic
846 2375 1019 2441 scribentis

409 2484 438 2534 οἵ
456 2500 485 2533 σε
503 2481 593 2534 Adur
612 2483 677 2547 ἔχον
696 2484 741 2529 καὶ
763 2478 885 2531 Ὀίιυλον
904 2518 910 2529 .
931 2517 936 2530 .
956 2517 962 2530 .

87 2587 182 2648 quem
204 2568 301 2651 longe
326 2568 422 2633 ahter
446 2566 615 2633 constituit
630 2564 706 2629 Sitti
722 2563 805 2627 Phil.
822 2564 1010 2629 XXXXIII
1035 2567 1084 2630 12.
1119 2566 1165 2630 At
1186 2563 1286 2632 Adae

87 2671 174 2752 quod
197 2672 304 2736 estin
333 2671 425 2736 libris
448 2690 512 2736 non
537 2689 610 2735 esse
639 2667 809 2734 ferendum
833 2668 889 2734 vix
918 2668 1039 2750 poterit
1066 2667 1160 2734 iustis
1189 2689 1284 2752 argn-

24 2858 32 2871 .
86 2775 205 2840 mentis
229 2772 449 2841 demonstrari
471 2771 588 2856 (supra
610 2792 641 2853 p.
666 2772 733 2857 69).
743 2772 767 2856 ¹)

176 2881 268 2964 Quae
291 2880 379 2961 apud
403 2878 570 2959 aequiores
594 2878 749 2960 leguntur
773 2875 903 2957 similia,
933 2876 1024 2942 velut
1046 2877 1195 2942 Paroem.
1220 2877 1234 2960 (
1255 2877 1285 2942 d.

87 2982 193 3065 Gott.)
216 2983 252 3048 H
275 2986 305 3060 6,
329 2986 371 3048 33

245 3089 314 3140 σιισ
332 3088 388 3154 μὲι
408 3086 443 3153 [ὁ]
461 3087 615 3144 Λεύκωνος
636 3088 702 3144 eva
721 3091 814 3158 μσρει,
834 3086 903 3137 ulla
925 3084 954 3135 cr
974 3085 1126 3151 Λεύκωνι)

88 3178 123 3238 et
144 3172 262 3238 Kaibel
286 3174 360 3254 452,
387 3175 424 3238 17
450 3171 623 3257 (indicavit
645 3172 793 3252 Wagner
816 3171 873 3255 57)

291 3278 361 3329 cillo
380 3296 434 3344 μιν
452 3275 560 3334 παῖδάς
580 3293 609 3329 τε
628 3272 693 3332 ἑοὺς
712 3280 758 3325 καὶ
780 3273 890 3339 αἰδοίην
910 3275 1082 3346 παράκοιτιν

87 3363 167 3430 nihil
190 3363 232 3429 ad
256 3363 434 3428 Homerum
457 3366 516 3425 aut
537 3365 687 3427 vetustos
711 3359 830 3441 epicos.

175 3467 269 3532 Haec
293 3465 364 3531 fere
392 3464 492 3530 habui
515 3482 600 3545 quae
624 3463 664 3528 de
686 3465 841 3531 trochaeo
864 3464 897 3529 in
929 3463 1035 3545 prima
1064 3480 1180 3529 versus
1205 3461 1288 3542 epici

88 3571 167 3636 sede
201 3571 413 3652 disputarem.
468 3567 701 3650 Exemplorum
734 3567 934 3650 paucitatem
973 3565 1002 3630 si
1035 3564 1107 3645 quis
1142 3563 1287 3643 miretur,

88 3674 296 3739 considerare
325 3677 498 3753 aequumst
519 3674 605 3738 hanc
626 3672 789 3738 licentiam
813 3671 927 3754 procul
950 3669 1047 3735 dubio
1069 3668 1134 3734 iam
1154 3666 1289 3732 Homeri

88 3796 171 3844 aevo
214 3777 361 3859 coepisse
402 3777 435 3842 in
478 3776 726 3842 desuetudinem
769 3775 860 3841 abire
902 3781 937 3840 et
973 3791 1057 3853 quae
1093 3789 1153 3836 nos
1190 3769 1289 3835 etiam

87 3899 174 3946 nunc
203 3880 477 3961 deprehendimus
508 3880 602 3961 quasi
631 3880 787 3961 rehquias
821 3878 924 3944 fuisse
954 3877 1053 3943 moris
1085 3876 1160 3941 olim
1188 3873 1289 3939 latius

88 3984 242 4066 patentis.
289 3984 428 4049 Accedit
457 3984 543 4064 quod
572 3984 661 4049 haud
691 4002 798 4064 pauca
821 3982 966 4048 eiusdem
995 3979 1125 4063 generis
1154 3977 1183 4043 si
1204 3976 1289 4043 forte

162 4156 181 4223 1)
198 4155 289 4209 Variis
321 4154 481 4209 lectionibus
508 4161 603 4229 9343.
630 4160 657 4209 n
686 4161 737 4209 529
765 4156 817 4220 (La
841 4153 934 4208 Roche
962 4153 1021 4208 HT.
1050 4157 1096 4220 363
1123 4167 1157 4205 ex
1184 4166 1289 4221 papyro

88 4240 187 4296 Nauck
207 4244 351 4313 ιὶμμείξσς
371 4241 430 4312 [aie]
451 4243 573 4308 recipere
592 4241 699 4307 debuit)
719 4242 787 4296 nihil
806 4240 997 4308 tribuendum3
1022 4239 1070 4294 aed
1088 4240 1171 4293 verbo
1190 4253 1289 4294 memo·

88 4345 152 4384 rare
170 4344 205 4384 ue
223 4330 289 4398 quid
309 4328 481 4384 desideretur
499 4344 567 4397 opus
585 4343 645 4383 esee
664 4327 739 4386 duxi.

161 4419 181 4481 1)
201 4415 252 4472 οὖν
262 4418 405 4472 substituit
414 4432 463 4485 pro
474 4417 489 4470 ὁ
499 4414 662 4484 Bernhardy
673 4415 748 4469 Suid.
757 4431 778 4469 a.
790 4418 874 4482 ἅλμη
888 4413 1064 4469 traditionem
1075 4421 1184 4468 tutatur
1192 4412 1290 4465 Nauck

89 4505 138 4560 Ar.
157 4502 223 4571 Byz.
241 4507 300 4555 236.
320 4532 352 4541 -
373 4503 427 4556 ΛΡ.
448 4501 487 4554 xl
509 4507 566 4570 141,
586 4507 601 4553 8
620 4503 783 4569 alleluya
809 4502 964 4566 Μενεκλῆς,
991 4503 1060 4553 ἄλλα
1084 4499 1116 4553 τὸ
1138 4500 1291 4572 χοιρίδιον.

1078 4589 1144 4652 27*
