2940 5026
684 138 921 201 -166-

203 331 339 403 formcm
357 328 546 411 primariam
569 327 671 394 fuisse
690 326 814 412 *esor¹)
839 356 870 382 >-
895 347 944 411 gr.
963 321 1026 415 ἧορ
1043 327 1129 408 quod
1144 328 1250 393 habet
1266 327 1404 411 Hesycb.

204 427 278 520 ἦαρ·
304 428 385 514 αἷμα
418 431 562 519 wlff)
593 430 633 497 cf.
658 429 758 497 etiam
789 430 935 498 eiusdem
965 429 1156 518 ἠεροπότης·
1183 430 1406 519 αἱματοπὸτης

204 558 267 621 quo
290 536 408 620 respici
428 536 560 605 videtur
582 555 614 603 v.
637 535 658 600 l.
683 533 861 621 ἠεροαῶτις
884 533 958 619 (pro
982 534 1172 623 ἠεροφοῖτις
1188 535 1405 602 Eumenidum

204 643 349 727 epitheto
382 639 561 725 homerico)
596 657 693 720 quam
728 637 804 705 olim
836 638 870 704 in
908 638 1001 705 libris
1035 638 1185 705 extitisse
1219 639 1405 726 arbitror.³)

204 744 394 812 Callimachi
431 740 503 830 εἶαρ
546 743 588 809 de
626 741 717 808 cuins
756 741 958 825 diphthongo
999 742 1181 810 Herodioni
1219 744 1405 812 testimonio

204 855 335 917 constat
357 868 398 914 ex
423 842 487 935 ἦορ
511 851 701 929 corruptum
724 850 776 913 est
798 851 836 912 ut
858 849 990 930 θείομεν
1013 867 1054 915 ox
1078 847 1216 936 θὴομεο,
1251 851 1346 916 εἴατο
1368 870 1405 917 ex

204 956 297 1044 ἥατο,
323 957 408 1021 ἔκεια
432 973 474 1020 ex
498 955 591 1040 ἔκηα,
620 951 781 1037 νειοκόρος
804 970 845 1018 ex
868 952 1032 1039 νηοκόρος.
1065 954 1123 1039 ἔαρ
1147 954 1346 1038 Cypriorum
1368 975 1405 1022 ex

204 1055 269 1150 ἧορ
300 1059 424 1128 vocalis
452 1057 658 1140 correptione
688 1062 805 1123 ortum.
850 1057 901 1124 De
925 1054 997 1141 εἶαρ
1020 1057 1273 1125 Salaminiorum
1296 1058 1405 1145 (ἔιορ1

205 1186 247 1232 nn
279 1165 386 1250 ἔρόρῗ)
421 1164 507 1245 quod
539 1169 684 1231 testetur
712 1162 891 1230 Herodian.
922 1162 956 1229 in
986 1163 1086 1230 schol.
1122 1164 1180 1229 BT
1220 1165 1266 1230 sd
1300 1172 1331 1230 T
1356 1168 1403 1248 81,

205 1269 361 1353 Hesychii
378 1268 581 1356 εἰαροαότης·
600 1267 782 1353 αἱμοαότης
800 1267 1006 1355 ψυχοπότηςς
1025 1265 1107 1350 εἶαρ·
1126 1264 1207 1351 αἷμα
1225 1269 1248 1356 ἢ
1265 1270 1403 1358 ψοχῆςῑ)

158 1438 164 1449 ,
207 1375 272 1458 lap·
298 1369 433 1459 nipast)
466 1371 653 1458 ιόροοότης·
679 1370 860 1459 οἱμοπότης
889 1372 969 1439 nihil
999 1373 1081 1439 certi
1104 1392 1256 1440 asserere
1285 1375 1403 1462 licetfi)

292 1480 323 1544 A
345 1477 483 1545 tribrevi
504 1476 665 1559 incipiuni
695 1480 869 1565 θεοφιλους
891 1477 1058 1561 Aristoph.
1083 1478 1167 1545 Rau.
1190 1482 1256 1546 443
1282 1480 1404 1567 Θεονόη

206 1583 350 1649 eiusdem
381 1582 615 1663 Thesmophor.
644 1583 725 1646 897:
757 1580 840 1663 epici
870 1587 905 1647 et
934 1582 988 1663 qni
1004 1582 1110 1665 -epico
1141 1602 1241 1651 vorsu
1272 1590 1407 1652 utuntur

206 1692 320 1753 contra
344 1714 358 1752 ε
381 1687 566 1781 producunt
587 1685 621 1751 in
644 1684 757 1751 formis
779 1686 937 1753 similibus
960 1687 1056 1754 metri
1077 1688 1153 1772 lege
1173 1690 1290 1756 coacti.
1320 1699 1405 1758 θειο

206 1793 300 1877 μένης
330 1791 516 1856 Callimach.
548 1789 644 1874 frgm.
668 1792 741 1856 227.
788 1791 1000 1877 θειοπρόοοιο
1028 1791 1147 1858 Kaibel
1176 1813 1225 1860 nr.
1259 1797 1355 1879 1025,
1378 1801 1405 1863 6.

207 1896 375 1982 θειολόροο
398 1916 447 1962 nr.
472 1898 545 1978 882,
572 1899 600 1961 1.
646 1895 700 1961 Ex
722 1895 888 1976 epicorum
910 1915 972 1963 usu
1002 1897 1142 1979 sumpsit
1165 1897 1282 1964 Alexis
1313 1901 1405 1968 coni·

207 2022 264 2069 cus
293 2002 388 2085 frgm.
416 2003 494 2081 162,
528 2003 569 2066 14
598 2000 634 2065 Π
656 2001 720 2067 356
730 2000 771 2066 K.
805 2020 900 2068 suum
930 2003 1103 2088 θειοφονές
1132 2000 1179 2087 (in
1207 2005 1405 2092 suepcest).

206 2109 331 2174 Eodem
355 2111 508 2190 spectant
538 2104 669 2171 nomina
703 2106 890 2188 Θειοδάμας
921 2104 1107 2173 Callimach.
1140 2108 1173 2173 h.
1204 2107 1302 2175 Dinu.
1338 2113 1406 2177 161.

209 2213 453 2296 Θειοδάμαντος
476 2211 584 2294 Apoll.
601 2211 705 2277 Rhod.
722 2212 740 2278 I
756 2213 829 2277 213.
861 2214 1053 2290 Θειοτέλοος
1077 2212 1196 2279 Kaibel
1218 2233 1269 2280 nr.
1285 2217 1362 2298 496,
1381 2219 1406 2282 l.

210 2318 378 2407 Θειοφάοη
401 2337 450 2384 nr.
473 2319 548 2399 418,
573 2319 603 2383 5.
634 2317 756 2383 Veram
770 2321 814 2402 et
835 2315 1010 2400 genuinam
1032 2317 1198 2386 nominum
1221 2338 1407 2388 mensumn

280 2513 299 2581 ¹)
317 2512 335 2566 J
337 2510 381 2567 oh.
392 2507 515 2564 Schmidt
525 2505 688 2563 Plurelbild.
703 2504 752 2560 der
764 2506 820 2575 idg.
833 2507 940 2562 Neutro
952 2523 979 2576 p.
991 2512 1048 2566 1111.
1067 2518 1096 2561 o:
1108 2512 1126 2561 11
1139 2534 1171 2552 ==
1183 2509 1232 2568 lat.
1242 2515 1311 2566 sevi:
1324 2517 1407 2569 setus.

278 2602 299 2668 ²)
318 2601 360 2653 De
378 2598 431 2651 hoc
449 2597 694 2663 interpretamento
713 2593 747 2651 cf.
767 2595 939 2651 Schoemann
958 2597 1078 2652 Altertb.
1097 2596 1123 2650 11
1142 2604 1193 2652 246
1213 2614 1274 2653 cum
1294 2609 1362 2656 note
1380 2607 1406 2655 ³:

208 2688 275 2741 ‘Dus
294 2685 359 2738 Blut
377 2684 427 2738 der
445 2681 610 2750 cigeutliche
636 2680 693 2735 Sitz
719 2680 767 2736 des
786 2682 894 2738 hebens
919 2683 990 2739 nach
1017 2684 1077 2739 dem
1102 2685 1228 2741 Gleuben
1248 2686 1299 2741 der
1317 2687 1408 2742 Alten’

208 2774 267 2843 (ΙΙΙ.
287 2772 355 2826 Mos.
375 2787 398 2828 c.
420 2776 460 2839 ll,
482 2775 510 2822 11
536 2771 551 2835 p‘
575 2767 632 2840 γὰρ
654 2769 725 2838 ψυχή
750 2772 844 2837 παίσας
868 2770 972 2845 σαρκὸς
997 2765 1069 2842 αἷμα
1094 2775 1183 2827 αὐτοῦ
1209 2777 1297 2827 ἐστιν.
1326 2775 1408 2844 Verg.

207 2863 276 2915 Aen,
300 2858 341 2912 IX
370 2862 421 2910 348
448 2857 624 2924 ‘purpureum
654 2856 739 2908 vomit
766 2854 818 2910 ille
846 2857 976 2912 enimem'
1002 2858 1049 2913 nbi
1076 2858 1152 2917 Serv.
1176 2861 1335 2916 ‘secuudum
1364 2877 1409 2918 eos

208 2947 255 3016 qui
273 2945 394 3001 animem
413 2941 576 3010 sanguinem
595 2939 716 3008 dicunt’).
753 2941 833 2997 Addo
853 2937 925 3014 οἶμα
944 2951 990 2998 καὶ
1013 2948 1086 3015 ψυχή
1112 2947 1247 3002 Timocles
1265 2947 1349 3017 frgm.
1368 2956 1409 3017 35,

213 3043 222 3085 1
243 3033 270 3086 Π
289 3031 383 3088 468Κ.
411 3027 519 3099 τούμὸν
540 3028 685 3083 ἐκπίνοασ’
705 3032 750 3084 αἐὶ
772 3030 863 3098 ψυχῆς
883 3033 1010 3105 ἄκρατον
1035 3025 1108 3103 αἷμα
1127 3031 1330 3102 Soph.Electr.
1353 3043 1408 3093 485.

209 3121 302 3188 Bergk
320 3119 400 3174 PLG.
419 3119 463 3172 11⁴
482 3122 532 3171 181
553 3132 595 3171 ex.

281 3212 300 3276 ³)
320 3207 392 3263 Olim
411 3205 470 3275 ipse
489 3203 609 3259 Homero
628 3205 784 3274 ἤεροπώοις
803 3218 853 3272 pro
871 3207 1033 3278 ἠεροφοῖτις
1056 3206 1214 3262 restitutum
1232 3209 1321 3281 volui,
1340 3211 1410 3266 sicut

209 3296 364 3364 nuperrime
390 3294 421 3351 0.
441 3290 590 3347 Hoffmann
616 3291 669 3345 BB.
689 3290 740 3346 XV
764 3296 797 3345 85
823 3293 992 3366 stupendae
1014 3294 1223 3349 commendavit
1260 3296 1304 3355 Cf.
1323 3299 1409 3357 schol.

209 3385 255 3437 BT
273 3383 309 3438 ud
329 3389 352 3436 ’[
370 3386 401 3434 81
422 3387 450 3434 ct
463 3376 591 3447 Aeschyl.
610 3377 726 3433 Eumen.
743 3383 789 3431 181
801 3393 839 3445 sq.
859 3378 981 3446 (ἐμοῦσα
997 3382 1144 3450 θρόμβους
1164 3381 1213 3443 οὓς
1232 3385 1409 3454 &mecledone

209 3472 318 3541 φόνου).
340 3473 387 3521 191
402 3483 441 3535 sq.
461 3471 520 3519 260.
546 3463 700 3533 Gbocphor.
720 3468 840 3534 181141
859 3464 954 3519 Maces
973 3481 1016 3520 me
1034 3467 1140 3522 monuit
1158 3472 1322 3541 ἠεροφοῖτις
1341 3472 1410 3528 benc

210 3556 321 3613 defendi
340 3570 419 3624 posse
438 3551 568 3609 hesiodeo
587 3554 655 3618 ἠέρα
671 3553 846 3622 fronduerat
865 3552 908 3620 (de
927 3551 1105 3610 daemonibus
1124 3554 1173 3624 Op.
1196 3561 1264 3620 125).

280 3652 300 3712 ⁴)
318 3643 377 3702 cod.
397 3649 471 3717 iupa·
492 3634 572 3713 αἷμα.
596 3639 612 3707 ἧ
631 3651 720 3715 μοῖρα
738 3640 785 3694 ubi
803 3639 893 3694 latent
911 3639 983 3696 duae
1002 3641 1123 3710 glossae:
1143 3649 1199 3719 inp·
1217 3638 1291 3717 αἷμα
1310 3655 1339 3702 et
1354 3654 1409 3717 len·

209 3744 299 3806 μοῖρα
317 3748 351 3785 cx
371 3737 417 3785 loa
437 3728 604 3784 rhotecismo
622 3735 698 3785 nata.
1070 3769 1072 3773 ι

281 3821 302 3889 ⁵)
321 3819 352 3872 ln
383 3816 507 3872 ordinem
537 3816 725 3886 exemplorum
758 3816 880 3884 recipere
917 3800 1041 3873 dubitavi
1075 3821 1202 3884 ellontvq
1240 3835 1410 3890 quemquem

210 3906 360 3963 Herodian.
378 3904 411 3962 L.
430 3904 456 3957 ll
475 3909 536 3972 499,
555 3909 588 3957 20
607 3919 646 3973 sq.
675 3903 879 3973 (Choerobosc.)
898 3905 969 3961 baec
992 3906 1090 3961 habet:
1116 3909 1242 3972 citantur
1268 3908 1283 3973 ἡ
1303 3912 1410 3978 εὐωχία

211 3995 259 4048 διὰ
281 3996 328 4061 τῆς
348 4013 373 4048 ει
392 3993 556 4063 διφθόγγου
575 3990 606 4045 τὸ
626 3993 749 4064 πρῶτον,
769 3995 906 4048 &tantum
919 3994 978 4061 (sic)
996 3996 1052 4068 γάρ
1071 4010 1162 4065 φασιν
1181 3997 1208 4048 οἱ
1220 3999 1336 4056 Alelen
1354 3996 1410 4065 (qui

210 4097 293 4151 saepe
318 4078 471 4136 efferuntur
497 4081 525 4134 in
553 4078 635 4134 rebus
662 4079 884 4147 orthographicis
902 4081 978 4136 velut
1003 4082 1031 4136 ll
1049 4087 1109 4149 490,
1128 4087 1161 4136 84
1186 4083 1282 4155 teme:
1308 4085 1409 4159 δέρρα,

210 4177 270 4237 490,
290 4175 322 4222 36
343 4170 440 4243 deloco:
460 4169 564 4241 δέρρω,
583 4171 644 4234 cll,
666 4173 697 4221 10
716 4171 827 4222 duilio)
847 4171 967 4237 curtim
993 4176 1052 4236 5⁰0,
1071 4174 1104 4224 84
1123 4174 1253 4240 εἱμένοςτ
1272 4174 1409 4242 {paperem

209 4256 244 4313 cf.
263 4255 397 4324 imprimis
416 4262 481 4322 604,
501 4260 534 4307 30
553 4254 629 4323 sqq).
666 4257 704 4309 At
726 4255 776 4308 viri
800 4255 873 4310 docti
896 4256 1086 4312 Cboerobosco
1111 4276 1132 4317 e.
1151 4257 1312 4314 Herodiano
1332 4261 1410 4315 resti·

211 4351 293 4399 tuunt
312 4347 474 4408 ἐλλοοίναν,
494 4343 613 4397 fortasse
632 4349 715 4400 recte.
745 4342 914 4400 Vocabulum
934 4346 1100 4412 suntquis
1119 4343 1211 4400 redico
1227 4349 1297 4415 fetu
1311 4350 1410 4417 (volup)

212 4433 322 4500 ducent,
341 4447 376 4486 ex
394 4447 456 4486 mee
474 4431 583 4500 quidem
602 4431 739 4486 sententie
757 4430 825 4485 setis
843 4430 1071 4499 improbabiliter.
