2940 5026
675 162 889 234 ..53-

182 384 245 423 κσν
268 357 395 423 πέπλων
418 356 548 443 ἀμοιροι
572 358 704 444 (Aesch.
729 360 864 427 Eumeu.
889 361 968 447 342)
992 360 1082 442 pulla
1105 377 1167 424 ove
1200 356 1385 424 immolavit

184 461 297 546 (schol.
321 461 418 544 Soph.
444 462 524 528 Oed.
549 463 616 528 Col.
639 464 707 550 42).
758 472 831 544 Τοῖς
861 458 1104 551 κατοιχομένοις
1127 461 1168 540 ὥς
1193 463 1269 547 περὶ
1293 461 1384 548 ἧλιόα

184 569 308 652 δυσμὰς
340 570 533 654 ἒναγιῒοοσι,
559 581 626 648 τοῖς
650 572 685 636 δὲ
713 569 898 656 οὐρανίδαις
920 567 982 636 ὑπὸ
1012 568 1069 655 τὴν
1093 570 1135 633 ἕω
1151 565 1385 644 ἀνατέλλοντος

185 679 241 740 τοῦ
272 673 363 760 ἧλιόο
393 677 479 739 teste
509 675 608 740 schol.
633 675 740 757 Apoll.
771 675 1053 762 1110115813)
1084 675 1138 757 qui
1170 673 1270 740 etiam
1301 674 1383 739 haec

182 782 283 846 habet
297 780 402 845 locum
419 791 514 860 quem
529 796 616 844 nunc
631 784 812 846 tractamus
828 779 974 861 proxime
995 778 1236 861 contingentia:
1262 778 1383 858 ἔντομα

185 887 219 951 δὲ
249 886 290 952 τοὶ
325 883 459 972 σφάγια·
494 884 610 967 κυρίως
641 881 680 948 τὰ
711 895 779 961 τοῖς
808 896 930 969 νεκροῖς
961 884 1171 971 ἒναγιζόμενα
1204 881 1258 948 διὰ
1288 882 1325 948 τὸ
1350 885 1383 947 ἐν

185 995 222 1080 τῇ
244 995 283 1080 γῇ
306 987 410 1056 αὐτῶν
434 987 676 1075 ἀποτέμνεσθαι
699 989 756 1071 τὰς
779 990 931 1078 κεφαλάς
964 988 1047 1056 οὗτοι
1075 988 1135 1075 γὰρ
1169 989 1285 1055 θύουσι
1315 1000 1384 1064 τοῖς

183 1095 347 1182 χθονίοις,
383 1107 451 1174 τοῖς
487 1099 521 1162 δὲ
556 1095 718 1182 ουρανιόις
749 1123 813 1162 ανον
844 1093 1102 1181 αναοτρέφοντες
1134 1091 1190 1160 τὸν
1221 1091 1385 1178 τράχηλον

186 1202 377 1290 σφάζουσιν·
407 1200 555 1288 Ὅμηρος·
591 1201 753 1288 αὐέρυσαν
785 1203 845 1283 μὲν
876 1205 987 1283 πρῶτα
1018 1200 1064 1283 (A
1093 1196 1385 1284 4119)(ὶῑ10111111

185 1307 325 1374 alterum
349 1308 562 1390 comprobant
583 1307 655 1390 ipse
677 1307 841 1373 Homerus
863 1333 881 1369 ν
904 1305 968 1370 528

447 1409 507 1466 ἕνθ’
526 1414 574 1466 ὄιν
592 1409 711 1482 ἀρνειὸν
730 1412 819 1485 ῥέζειν
838 1409 928 1476 θῆλύν
946 1427 976 1463 ιε
994 1412 1135 1479 μέλαιναν

448 1505 486 1560 εἰς
506 1502 602 1573 ἔρεβος
621 1506 746 1569 στρέψας
765 1500 851 1564 arist)

187 1597 222 1656 et
254 1607 371 1656 nomen
410 1588 528 1670 ἔντομα
559 1588 579 1652 i.
612 1608 638 1652 e.
678 1606 763 1670 quae
801 1586 1135 1673 ἅποδειροτομοῦνται
1170 1586 1229 1661 εἰς
1262 1583 1387 1668 βόθρον

188 1703 204 1759 λ
227 1696 270 1760 35
293 1712 340 1774 sq.
372 1693 543 1777 (ἐντὲμνειν
566 1691 712 1774 Thucyd.
736 1691 767 1771 5,
793 1691 865 1778 11);
893 1690 974 1757 illud
997 1708 1077 1757 vero
1099 1707 1165 1755 non
1189 1707 1207 1753 e
1230 1687 1303 1753 sola
1324 1687 1388 1753 loci

186 1797 340 1864 homerici
363 1805 398 1864 A
413 1799 477 1863 459
492 1794 766 1877 interpretatione
782 1799 816 1860 et
838 1794 937 1862 dubia
963 1792 1250 1877 grammaticorum
1274 1796 1387 1875 etymo

186 1900 412 1986 indagantium
436 1900 624 1966 coniectura
639 1900 793 1982 pendere,
817 1899 875 1965 sed
899 1919 917 1965 e
939 1916 1047 1964 rerum
1067 1896 1209 1964 veritate
1231 1897 1389 1964 haustum

188 2021 261 2074 esse
282 2007 380 2072 fidem
402 2006 528 2072 faciunt
550 2006 648 2072 schol.
672 2006 755 2071 Ven.
780 2005 818 2071 B.
836 2006 873 2070 Τ.
898 2004 941 2070 ad
963 2011 999 2071 A
1017 2004 1082 2070 459
1104 2003 1173 2069 tale
1196 2001 1273 2084 quid
1298 2002 1387 2085 apud

131 2201 133 2204 Ι
188 2114 346 2179 Cumaeos
373 2111 472 2177 moris
501 2111 601 2177 fuisse
629 2110 802 2177 testantia.
820 2110 991 2193 (Κυμαίων
1020 2111 1054 2174 δὲ
1084 2107 1177 2187 ἔθος,
1210 2110 1388 2173 αἰτοῦντσν

189 2217 243 2285 τὸν
274 2215 401 2283 θεὸν
382 2214 444 2283 απὸ
476 2221 538 2283 τῶν
567 2215 653 2283 κάτω
684 2217 738 2282 ἐπι
760 2215 800 2282 τὰ
835 2243 900 2281 σνω
932 2213 1049 2292 αὖτοος
1084 2212 1198 2297 ἕλκειν)
1233 2218 1268 2279 et
1301 2216 1387 2299 Νίκη

188 2322 439 2449 βοσθοτοάσαθ).
486 2323 583 2389 Hunc
616 2342 738 2389 morem
760 2327 851 2389 recte
881 2341 953 2388 cum
983 2319 1093 2388 verbis
1125 2317 1293 2396 ἀνελόντες
1325 2316 1388 2384 ἀπὸ

187 2427 350 2513 χθονὸς
331 2454 427 2512 εσχον
449 2430 547 2513 γ453
570 2447 617 2508 sq.
642 2426 847 2493 coniunxisse
870 2425 947 2492 mihi
970 2425 1153 2507 videonut
1138 2424 1236 2491 thoe
1259 2443 1389 2506 quoque

188 2535 258 2600 loco
288 2532 543 2614 intellegendum
574 2530 617 2595 sit
646 2550 711 2596 non
740 2536 809 2595 tam
839 2529 1054 2597 ministerium
1084 2531 1126 2596 ab
1156 2527 1388 2596 assistentibus

190 2640 230 2703 ob
264 2638 366 2702 solam
396 2635 657 2702 commoditatem
690 2634 902 2717 iugrdationis
932 2633 1126 2718 praestitum
1157 2652 1254 2716 quam
1285 2632 1387 2700 caeri-

189 2741 297 2809 monia
319 2740 476 2823 religione
499 2744 677 2822 praecepta
701 2745 735 2806 et
757 2739 799 2806 ad
822 2740 1014 2807 sacrificium
1044 2739 1108 2806 rite
1130 2739 1389 2822 perpetrandum

189 2846 384 2919 necessaria.

279 2949 314 3017 τὸ
339 2955 438 3015 λοῖσσι
465 2949 542 3032 βοὸς
571 2951 667 3032 μένος
698 2949 756 3034 (sc.
788 2950 911 3017 securis
940 2951 1022 3036 ictu)
1054 2956 1088 3016 et
1117 2950 1205 3031 quod
1234 2950 1389 3016 continuo

189 3057 372 3138 insequitur
396 3054 432 3122 τὸ
456 3053 577 3121 ἀνελεῖν
601 3053 664 3121 ἀντά
686 3055 806 3140 χθονός
827 3082 848 3140 y
869 3057 931 3120 441
957 3074 1025 3136 sqq.
1054 3055 1194 3121 eundem
1216 3054 1325 3120 locum
1349 3092 1388 3101 -

189 3163 277 3229 inter
300 3162 336 3229 τὸ
361 3161 537 3247 οὐλοχύτας
561 3161 787 3244 προβαλέσθαι
819 3165 854 3226 et
881 3158 917 3226 τὸ
942 3159 1065 3246 σφάξαι
1089 3198 1128 3206 -
1153 3158 1389 3240 obtineatque

191 3277 233 3336 A.
253 3270 317 3335 4511
348 3267 569 3335 sacrificantes
598 3264 739 3332 hostiam
771 3262 926 3351 αάεράσαι
955 3271 1142 3332 narramur.
1188 3263 1285 3330 Unde
1316 3283 1388 3346 prc-

191 3373 266 3440 clivi
289 3373 476 3440 coniectura
491 3370 687 3452 assequaris,
711 3371 848 3438 verbum
872 3368 1017 3456 αι’·εράειν
1032 3374 1204 3449 utramque
1227 3367 1390 3434 acuonem

192 3477 324 3561 (iciendi
347 3482 381 3542 et
403 3475 611 3561 sublevandi)
634 3495 700 3541 una
722 3474 943 3557 appellatione
965 3473 1013 3540 ita
1036 3471 1216 3554 complecti,
1240 3477 1279 3538 ut
1300 3470 1391 3537 facta

192 3581 235 3649 sit
256 3581 358 3648 totius
387 3581 436 3647 rei
466 3578 685 3647 denominatio
715 3598 735 3644 a
764 3580 892 3660 potiore
914 3584 1019 3661 parte,
1043 3578 1063 3643 i.
1088 3597 1116 3643 e.
1140 3597 1160 3643 a
1183 3575 1391 3645 caeremonia

192 3686 404 3769 religiosa
426 3692 483 3752 τοῦ
508 3686 572 3753 ἀνο
596 3684 813 3773 ἀναστρέφειν
839 3704 865 3750 s.
890 3683 1020 3750 ἀνελεῖν.
1066 3683 1181 3764 Neque
1204 3682 1289 3747 enim
1313 3700 1390 3748 raro

192 3792 319 3874 accidit,
344 3796 381 3857 ut
403 3793 538 3858 verbum
562 3797 720 3875 angustos
742 3790 877 3858 nativae
900 3788 1076 3872 potestatis
1092 3787 1173 3854 lines
1196 3793 1391 3869 promoveat

193 3903 321 3963 etcum
344 3896 436 3962 initio
459 3896 658 3981 singularem
682 3896 842 3965 actionem
866 3896 934 3982 (vel
956 3899 1084 3979 partem
1111 3892 1206 3959 modo
1236 3890 1389 3975 actionis)

192 4001 337 4067 iudicare
360 4005 518 4087 valuerit,
543 4007 654 4070 aetate
684 4002 727 4068 ad
750 4000 932 4084 complures
956 3999 1101 4066 actiones
1123 4017 1195 4065 cum
1217 3996 1275 4064 illa
1298 4002 1390 4067 arcte

265 4216 285 4280 ¹)
304 4212 476 4267 Schoemanu
496 4212 604 4271 Griech.
624 4213 814 4269 Altorthiimer
832 4211 859 4265 lI
878 4216 928 4265 242
948 4227 974 4264 u.
996 4216 1019 4267 t.
1048 4209 1167 4266 Pausan.
1186 4208 1213 4262 ll
1234 4213 1274 4274 11,
1298 4216 1319 4267 t.

265 4304 285 4369 ⁹)
302 4299 338 4357 cl.
357 4300 440 4354 etiam
459 4300 549 4368 Apoll.
568 4301 658 4359 Rhod.
678 4301 720 4354 lll
740 4304 806 4354 losa
825 4313 865 4367 sq.
902 4297 979 4354 Orid.
1000 4304 1136 4351 motarum.
1155 4294 1207 4349 Vll
1226 4299 1277 4349 243
1296 4310 1337 4364 sq.

265 4390 286 4458 8)
304 4387 400 4444 Journ.
428 4387 501 4445 Hali.
529 4386 606 4442 Stud.
634 4389 686 4442 v11
715 4392 765 4439 115
792 4399 849 4452 sqq.
879 4414 909 4423 -
937 4389 1024 4450 Νινης
1055 4384 1248 4451 βοοοστούσςς
1276 4382 1388 4439 Homeri

193 4477 338 4552 interpreti
356 4493 411 4534 non
430 4475 612 4547 negligendae
630 4478 659 4531 in
677 4483 800 4544 tempore
818 4489 860 4527 me
879 4471 1009 4530 admouet
1028 4469 1112 4526 Erich
1130 4469 1262 4528 Preuncr.

236 4757 254 4797 l
