2956 5018
543 221 779 304 ..429-

147 412 307 494 Supercst
328 430 427 478 unum
449 409 595 477 trochaei
616 409 650 474 iu
672 414 791 489 quarta
814 409 892 475 sede
909 408 1042 475 admissi
1065 412 1257 494 exemplum,

59 536 101 583 ne
125 516 159 581 id
181 515 310 597 quidem
332 513 538 593 homericum,
562 512 621 578 sed
643 512 841 617 hesiodeum,
865 512 926 595 Op.
949 515 1014 578 443

341 634 371 695 ὃς
391 639 476 708 ἔργον
494 635 618 704 μελετῶν
637 638 732 687 ἰθεῖαν
752 633 847 687 αὔλακ’
871 636 990 688 ἐλαύνοι.

60 741 126 825 Qui
146 740 292 824 sullana
324 739 504 822 scribunt¹)
535 756 595 803 nec
624 739 735 805 versui
765 740 846 806 satis
877 741 1110 808 consuluerunt
1132 747 1167 808 et
1188 747 1257 826 ety-

60 844 235 927 mologiam
264 845 431 910 habebunt
461 841 556 907 enixe
586 842 845 930 reluctantem.')
898 845 1124 928 Corruptelam
1154 847 1259 913 latere

60 951 95 1014 in
129 967 229 1016 versu
263 947 354 1014 cuins
389 948 528 1012 alterum
562 946 698 1011 similem
731 965 796 1013 non
830 948 979 1015 invenias
1012 950 1083 1015 inre
1117 950 1260 1016 dubitari

60 1054 192 1135 neqnit;
224 1057 335 1134 potest
357 1057 466 1116 tamen
490 1049 610 1132 ambigi
632 1068 708 1114 num
731 1056 820 1116 recte
847 1052 978 1118 sublata
1000 1053 1044 1119 sit
1066 1053 1259 1120 coniecturis

62 1175 145 1237 quas
182 1155 245 1223 viri
280 1153 365 1220 docti
401 1153 630 1237 excogitarunt
660 1154 817 1222 ἰθύντατα
849 1157 959 1223 αὔλακ’
991 1159 1118 1224 sladum
1146 1158 1260 1223 Nauck

61 1260 138 1325 Mel.
161 1279 211 1341 gr.
234 1277 314 1324 rom.
342 1258 390 1323 IV
420 1259 483 1324 628
518 1257 643 1342 (Rzacb
674 1257 764 1324 Neue
795 1258 897 1325 Beitr.
929 1265 991 1325 etc.
1021 1261 1118 1347 421),
1154 1262 1260 1327 ἰθεῖάν

61 1367 89 1428 κ’
121 1361 231 1428 αὔλακ’
266 1360 395 1426 ἐλαύνοι
428 1360 484 1445 (bx
518 1362 588 1427 cod.
620 1362 663 1447 B)
697 1363 808 1427 Rzach
836 1363 972 1429 Wiener
1004 1364 1096 1430 Stud.
1127 1367 1157 1431 V
1187 1369 1258 1449 191,

62 1471 172 1534 ἰθεῖαν
202 1467 242 1532 ἂν
273 1467 384 1531 αὔλακ’
414 1465 542 1531 ἐλαύνοι
568 1466 654 1531 idem
683 1467 704 1531 l.
728 1467 749 1531 l.
787 1467 880 1532 Platt
901 1467 1022 1532 JofPh.
1046 1467 1163 1533 XVHI
1188 1470 1259 1534 124.

151 1590 313 1654 Auctores
329 1593 461 1653 secutus
477 1586 624 1652 Fickinm
641 1592 675 1651 et
690 1585 851 1652 Sittelinm
868 1587 999 1672 (Philol.
1011 1587 1129 1653 XLIII
1143 1590 1184 1653 24
1196 1591 1260 1677 sq.)

63 1692 174 1758 Christ
195 1692 337 1757 Homero
354 1729 395 1738 -
410 1690 444 1756 in
459 1689 565 1756 Iliade
588 1695 678 1756 certe
702 1728 739 1736 -
766 1691 853 1756 solas
876 1691 997 1758 formas
1021 1692 1126 1775 ὔμμες
1149 1692 1259 1776 ὔμμιν,

62 1797 167 1878 ὔμμες
198 1794 300 1877 ὔμμιν
332 1793 433 1860 fuisse
468 1812 640 1860 concessas
672 1794 774 1859 edixit
804 1795 857 1879 (Il.
888 1798 958 1860 129.
991 1797 1115 1882 13413)
1147 1800 1263 1878 ‘panca

63 1900 215 1981 exempla
236 1899 417 1980 productae
440 1899 576 1965 alterins
599 1898 747 1982 syllabae
775 1904 834 1964 aut
860 1900 996 1965 metrica
1024 1900 1157 1966 licentia
1177 1901 1262 1967 ictus

64 2005 113 2090 (Δ
127 2006 255 2069 24311
270 2007 341 2070 191.
368 2007 473 2070 1649.
498 2004 630 2069 Mass.
657 2002 779 2088 boas)
798 2003 849 2069 vel
865 2003 989 2084 primae
1005 2003 1172 2088 (1132AE
1187 2008 1260 2071 369.

62 2107 143 2192 481)
160 2111 194 2172 et
216 2112 353 2188 quartae
376 2125 492 2175 versus
514 2107 602 2173 sedis
618 2106 665 2191 (Γ
679 2110 739 2174 104
764 2157 770 2172 .
796 2157 803 2171 .
828 2157 835 2171 .
860 2106 953 2192 ἡμεῖς
979 2108 1111 2189 οἴσομεν
1126 2106 1261 2194 discor)

67 2215 98 2279 Θ
125 2214 185 2275 142
209 2258 217 2274 .
242 2260 249 2275 .
275 2260 282 2274 .
308 2209 394 2295 ἡμῖν,
427 2211 467 2276 αἴ
489 2210 515 2276 κ’
543 2213 699 2300 ἐθέλῃσιν.
734 2215 765 2274 Κ
788 2213 852 2275 445
877 2260 884 2274 .
910 2261 916 2274 .
943 2261 949 2274 .
974 2213 1008 2275 ἐν
1037 2210 1112 2292 ὑμῖν
1143 2210 1180 2297 ἠὲ
1209 2215 1263 2278 καὶ

66 2313 155 2398 cluo
179 2318 336 2379 excusata
366 2320 425 2381 aut
454 2315 648 2396 corrigenda
677 2313 787 2379 futuro
821 2312 947 2379 editori’
983 2313 1153 2379 adnotans.
1199 2314 1262 2380 Ne-

64 2419 170 2503 glexit
203 2425 238 2484 A
271 2420 335 2484 579
365 2468 373 2483 .
399 2466 406 2482 .
432 2467 439 2483 .
469 2416 545 2502 ἡμῖν
580 2420 676 2481 δἀἴτα
712 2415 849 2507 ταράξῃ,
884 2423 920 2481 Λ
954 2418 1016 2480 d'll
1053 2415 1129 2502 ἡμῖν
1162 2431 1264 2495 νεῖκος

65 2521 224 2607 ἑτῦχθηῦ)
268 2521 352 2603 legis
393 2519 646 2586 Wernickianae
687 2518 853 2585 immemor
895 2525 929 2585 et
972 2521 1052 2602 ipsis
1096 2521 1263 2588 veteribus

65 2626 201 2692 meliora
224 2623 407 2689 edocendus
431 2622 487 2702 qui
508 2623 552 2687 ad
568 2629 603 2688 A
618 2624 682 2687 579
705 2623 891 2688 adscribere
907 2642 1041 2690 necesse
1063 2625 1262 2691 habuerunt:

67 2729 288 2814 πιθανώτερον
305 2729 427 2808 ὀξύνειν
451 2729 509 2816 τὴν
525 2728 652 2816 πρώτην
676 2733 733 2794 τοῦ
750 2726 896 2813 ἡμῖνκαὶ
912 2730 1060 2793 ἐκτείνειν
1077 2726 1134 2814 τὴν
1158 2737 1263 2794 τελεα-

68 2837 164 2900 ταιάν
193 2835 330 2918 (Herod.
362 2835 397 2900 Π
425 2837 467 2900 30
475 2834 540 2920 Ιι.).
585 2832 755 2899 Licentiae
785 2837 923 2911 quartae
953 2832 1040 2897 sedis
1071 2851 1166 2912 quarn
1196 2834 1264 2915 opi-

66 2946 188 3006 nantur
218 2957 259 3003 ex
288 2938 350 3004 hac
380 2937 512 3003 Cbristii
542 2936 771 3005 observatione
800 2934 881 3000 nibil
911 2935 1038 3000 accedit
1066 2935 1156 3017 fidei,
1188 2955 1264 3002 nam

67 3043 248 3125 pleniorum
281 3040 456 3106 formarum
488 3060 581 3107 usum
615 3041 707 3107 nobis
737 3040 829 3107 velut
859 3038 1084 3119 spectantibus
1118 3044 1265 3121 tempore

67 3146 214 3213 evasisse
247 3143 502 3224 frequentiorem
541 3163 734 3225 quamquam
773 3161 887 3210 verum
920 3147 987 3222 est,
1026 3147 1136 3208 tamen
1173 3142 1266 3209 furca

66 3250 141 3315 illas
174 3249 350 3314 exturbare
384 3248 470 3314 velle
500 3247 597 3312 metri
626 3246 820 3328 praesertim
850 3264 966 3326 parum
995 3245 1109 3310 habita
1136 3246 1265 3312 ratione

66 3352 167 3418 fuerit
197 3350 370 3417 incautius.
415 3350 462 3416 Ut
490 3350 532 3415 de
561 3349 708 3433 legitima
738 3350 878 3430 quadam
907 3348 1040 3414 licentia
1069 3349 1162 3415 nobis
1192 3369 1263 3431 per·

141 3591 162 3659 ¹)
180 3590 257 3644 Knbs
282 3588 336 3656 dig.
358 3593 415 3642 133.
452 3587 539 3643 Flach
562 3587 626 3642 Hes.
649 3587 716 3642 (led.
741 3587 817 3642 xlll.
857 3587 934 3642 Nihil
961 3585 1062 3655 probat
1089 3589 1265 3657 ὔμοαῦλακες

67 3676 132 3732 ΕΜ
146 3680 206 3743 ota,
215 3681 247 3729 st
263 3673 299 3730 ad
312 3689 395 3744 quam
408 3674 527 3743 glossam
539 3688 702 3741 provocasse
714 3672 825 3727 memmi
838 3672 1040 3740 Legcrlotzium
1054 3673 1111 3726 ΚΖ.
1120 3673 1146 3727 X
1157 3678 1207 3726 313
1221 3673 1265 3741 (cl.

67 3762 198 3832 Hesychii
223 3763 402 3832 ὔμοαιχμλα).
439 3759 489 3828 Op.
515 3763 566 3813 439
590 3766 639 3813 aut
664 3764 806 3836 ἐρίσαντες
831 3764 862 3815 ἐν
884 3763 984 3814 αὔλακι
1009 3767 1059 3814 aut
1080 3759 1154 3829 quod
1177 3760 1266 3827 magis

66 3850 160 3919 placet
180 3852 306 3918 ἐρίσαντε
327 3852 357 3902 ἐν
376 3850 477 3900 αὔλακι
495 3845 676 3904 scribendum.

141 3940 161 4004 ¹)
182 3933 268 3994 αὔλαξ
287 3955 319 3984 <
339 3935 466 4006 ἀ’-[λιτὴ
499 3933 534 3988 cs.
553 3949 636 4002 supra
655 3949 681 4002 p.
702 3940 749 4002 ts,
771 3933 901 4004 Hesychii
920 3934 1041 4004 γόλλακα
1066 3932 1136 4000 (1.3.
1152 3933 1264 4002 stilum.

68 4040 106 4078 au
121 4020 269 4093 allsaell·
289 4021 402 4074 λα’κκον.
440 4040 457 4072 α
475 4019 612 4086 prosthesi
631 4018 833 4088 explicandum.

141 4110 160 4175 ⁸)
180 4105 312 4161 Similiter
330 4105 448 4160 Manrad
466 4112 553 4159 contr.
572 4114 600 4161 et
618 4124 676 4176 syn.
696 4123 736 4162 us.
755 4108 828 4161 hom.
850 4113 907 4162 110.

140 4197 162 4264 ⁴)
182 4194 215 4249 de
234 4210 288 4262 quo
306 4209 386 4249 vorsu
404 4193 486 4248 aliter
504 4192 604 4248 statuit
620 4190 737 4246 Menrad
759 4197 815 4246 106.

141 4284 162 4347 ο)
179 4281 285 4335 Similia
309 4287 456 4336 occurrunt
479 4280 507 4333 ln
536 4279 659 4348 Odyssea
686 4283 782 4348 β335.
810 4283 909 4331 3333.
939 4282 1032 4331 0452.
1058 4282 1141 4352 ρο31
1162 4277 1188 4346 (ο
1207 4283 1265 4332 431.

69 4388 90 4422 α
110 4369 179 4436 315).
205 4366 345 4437 Syllabam
364 4378 406 4421 -ῑν
425 4372 490 4421 ante
502 4365 611 4420 vocales
623 4365 783 4433 productam
797 4373 932 4433 quotquot
945 4364 1049 4419 babent
1062 4366 1115 4419 loci
1128 4363 1267 4433 Odysseae

68 4461 215 4508 enumerat
233 4453 296 4508 Sitti
316 4453 333 4506 l.
353 4453 370 4506 l.
391 4458 433 4510 25.
