2940 5026
573 211 787 273 „71-

74 402 177 466 verbo
207 400 394 483 germanico
424 400 522 467 somn
552 419 695 467 consona
723 406 839 481 aucto,
871 399 1141 483 sicut1·ad.pbc
1170 400 1206 485 (=
1229 421 1277 484 gr.

72 504 131 590 χυ)
147 506 249 573 verbo
263 505 379 591 pintan
402 506 562 588 ‘giessent
596 505 720 572 Nomen
743 503 988 571 ‘Zerreisser'
1010 502 1097 568 leoni
1117 502 1279 594 dpopdyp

73 609 245 692 aptissime
267 610 336 676 indi
358 611 503 692 potuisse
526 630 620 678 nemo
644 612 786 695 negabit.
833 611 883 674 De
908 609 1138 676 vocabulorum
1165 607 1278 674 formis

73 717 114 782 cf.
150 735 235 797 qnae
269 717 436 798 disputavi
466 716 533 783 KZ.
564 717 698 783 XXVII
727 719 791 782 428
826 734 886 781 nec
920 733 986 780 non
1015 713 1167 780 XXVIII
1202 716 1275 780 279.

71 819 183 885 Radix
218 825 270 885 est
298 819 374 884 slei:
407 820 457 885 cli.
497 821 615 905 stojan:
649 822 747 906 oleion
777 851 799 875 =
828 820 925 885 bbeoo
963 819 1041 903 (bib.
1073 816 1162 903 bird:
1198 824 1274 883 scrt.

71 919 215 989 bbdvoli.
260 923 447 990 Contractio
477 925 638 992 vocalium
665 926 699 991 in
727 927 788 991 hoc
804 926 923 1007 'genus
952 922 1084 989 nomina
1113 921 1275 1006 bisyllaba

71 1028 175 1114 (λήων
198 1030 291 1114 λέων)
314 1048 380 1095 non
403 1030 507 1112 magis
530 1031 619 1096 cadit
641 1048 737 1111 quam
759 1029 793 1094 in
816 1029 919 1096 verba
941 1027 1112 1111 bisyllaba.

161 1134 212 1198 De
235 1135 315 1200 θείω
336 1165 359 1190 =
381 1135 470 1221 dign
494 1135 601 1201 ‘lanfe’
625 1154 722 1218 agam
744 1135 815 1200 libr.
840 1134 884 1199 II.

162 1237 325 1305 dnoecnoiv
349 1238 520 1322 ἀπόἐρσειε
544 1239 592 1324 (Τ
610 1243 661 1307 35.
688 1245 720 1306 Φ
742 1243 816 1306 283.
840 1240 919 1326 329)
943 1244 980 1305 ut
1006 1256 1090 1319 quae
1113 1236 1273 1319 syllabam

72 1345 107 1409 in
138 1361 295 1425 compage
329 1343 514 1424 producant
541 1345 605 1411 huc
628 1344 824 1411 nonfacere
852 1344 957 1426 quivis
985 1343 1093 1425 videt;
1129 1347 1273 1408 ceterum

74 1448 127 1512 his
154 1446 233 1513 locis
261 1468 281 1513 a
310 1453 401 1515 recte
425 1448 465 1514 de
496 1449 711 1516 vetustiorum
739 1469 800 1516 usu
829 1450 1012 1516 iudicaturo
1041 1467 1105 1514 non
1135 1446 1272 1513 multum

77 1551 280 1617 tribuendum
312 1570 385 1617 esse
415 1553 540 1619 monuit
570 1552 744 1619 Hoffmann
775 1553 924 1638 (Quaest.
948 1553 1033 1650 hom.
1062 1551 1097 1617 Π
1128 1549 1169 1637 §§
1199 1551 1270 1616 172.

74 1657 147 1737 225,
172 1655 217 1742 3).
228 1657 254 1742 ¹)

158 1761 325 1827 Vocabulo
358 1757 439 1827 ἴιεσα
471 1764 557 1844 qnod
586 1763 765 1847 longiorem
793 1763 855 1829 sibi
883 1762 989 1844 poscit
1016 1760 1269 1844 disputationem

68 1866 157 1932 hunc
180 1865 326 1932 ultimum
349 1867 455 1933 locum
480 1867 653 1935 destinavi.

157 1969 266 2037 Redin
290 1968 343 2052 risa
368 1968 409 2035 αὖ
431 1970 483 2035 cui
507 1972 547 2036 ab
571 1971 695 2053 origine
718 1971 827 2037 inerat
859 1971 948 2038 notio
979 1970 1168 2052 quiescendi
1196 1970 1270 2035 dor·

68 2073 192 2140 miendi
214 2074 274 2139 has
296 2073 418 2140 formas
441 2075 644 2156 procreavit:

157 2196 366 2260 praesens
389 2179 707 2262 reduplicatum
730 2178 898 2263 ij-ocojrh
915 2178 1007 2258 ἱαύω,
1032 2179 1118 2244 unde
1135 2178 1267 2245 descen·

68 2282 154 2348 dunt
170 2284 283 2347 ἰαῦσαι
306 2281 361 2367 (cf.
380 2281 531 2368 διδάξαι),
557 2282 696 2365 ἰαυθμός
720 2282 772 2363 (cf.
792 2282 946 2370 δίδαγμα)
963 2283 1055 2349 cinus
1073 2284 1143 2348 loco
1168 2281 1267 2349 etiam

68 2385 225 2472 ἰαθμόθ)
249 2384 409 2450 scribitur.

156 2508 364 2573 praesens
395 2508 456 2571 ope
490 2488 596 2555 suffixi
626 2490 685 2574 -p'o-
716 2491 891 2557 tbrmatum
923 2492 983 2556 αἴω
1014 2489 1101 2575 (dai
1134 2490 1173 2556 cf.
1202 2491 1268 2556 κάω

66 2594 178 2681 atde),
203 2595 294 2662 cuius
316 2594 541 2677 imperfectum
558 2593 626 2673 ᾰιες
649 2588 769 2685 (plagit
794 2595 970 2681 ἐκοιμήθης
978 2594 1006 2679 ³)
1030 2598 1065 2660 et
1078 2593 1267 2661 iterativum

67 2703 246 2767 αἰέσκοντο·
281 2700 448 2786 quitatum
477 2702 615 2783 praebet
648 2700 843 2785 Hesychius.
889 2701 941 2766 Eu
977 2701 1144 2766 αἰέσκοντο
1179 2699 1267 2765 hand

66 2805 134 2871 scio
173 2824 215 2872 an
261 2809 367 2871 ortum
408 2805 452 2871 sit
493 2802 656 2871 α’έσκοντο·
700 2803 914 2884 ἀνεπαύοντο,
960 2807 1134 2887 ἐκοιμῶντο
1175 2803 1265 2886 Hes„

67 2908 153 2976 unde
177 2909 409 2992 grammaticus
432 2928 589 2992 praesens
612 2911 869 2978 commentiolum
898 2909 1003 2976 ἀέσκω
1033 2908 1129 2976 facile
1159 2907 1267 2990 potuit

65 3014 185 3080 elicere
212 3013 405 3098 (Herodian.
435 3014 539 3080 1436
562 3014 690 3095 Lenta).
737 3014 806 3081 Nisi
836 3014 922 3081 forte
953 3018 1103 3096 praestat
1132 3011 1264 3079 tertium

65 3136 224 3200 praesens
248 3117 389 3199 ‹ist-ran
412 3117 513 3201 (unde
537 3116 704 3204 ἅέσκοντο)
733 3137 911 3202 agnoscere
935 3119 1020 3200 quod
1044 3137 1115 3184 cum
1140 3116 1264 3200 ἀρέσκω

64 3222 214 3305 componi
237 3229 345 3304 queat.

154 3327 361 3394 aoristum
386 3326 510 3411 oisiaci,
542 3328 597 3410 qui
618 3328 705 3396 inest
726 3328 760 3396 in
783 3329 971 3413 compositis
995 3330 1160 3394 caroloco·
1186 3353 1261 3411 συγ-

64 3438 262 3519 κοιμη8ἧναι
293 3433 435 3516 Hesych.
468 3431 636 3516 (συνδέσαι
666 3434 754 3517 cod.;
787 3452 847 3501 em.
879 3434 1011 3501 Lobeck
1033 3433 1146 3500 Rhom.
1171 3431 1261 3516 353),

64 3541 259 3615 καταὲσσας·
282 3539 535 3623 κατακοιμηθει’ς
549 3537 604 3617 id„
629 3540 800 3616 καταέσας·
818 3541 1069 3624 κατακοιμηθείς
1084 3537 1127 3604 id.
1152 3535 1260 3618 (aare-

136 3717 156 3780 ¹)
177 3712 219 3766 Ex
239 3709 359 3765 Hesiodo
378 3711 496 3767 fortasse
509 3711 652 3766 addendus
670 3712 810 3781 Theogon.
823 3730 845 3765 v.
860 3719 910 3768 250
929 3719 976 3767 καὶ
995 3712 1103 3778 irradio
1123 3715 1261 3768 saturem

61 3818 133 3873 quae
152 3800 263 3856 licentia
282 3816 299 3854 a
318 3801 455 3855 scvcmore
473 3799 670 3855 consuetudIne
693 3801 777 3856 etiam
802 3801 911 3870 longius
935 3800 1046 3856 recedit.
1083 3806 1128 3853 καὶ
1150 3801 1260 3868 adradis

61 3897 93 3944 ut
110 3888 190 3955 volgo
208 3887 339 3941 scribitur
357 3886 485 3954 displicet
503 3891 616 3955 propter
635 3893 682 3940 καὶ
701 3902 755 3941 non
773 3896 942 3956 correptum3
961 3902 1025 3941 nam
1044 3886 1186 3955 Theogon.
1202 3893 1260 3943 148.

61 3975 131 4045 Opp.
153 3982 202 4029 105
226 3974 332 4044 (Bacch
356 3973 467 4029 Hesiod.
493 3974 657 4031 Untersucb.
677 3977 702 4042 8)
727 3976 842 4030 correcti
867 3983 938 4030 sunt.
975 3981 1021 4028 καὶ
1048 3977 1157 4042 merdic
1183 3991 1259 4032 occu·

61 4061 138 4128 parit
157 4061 278 4115 Paulson
299 4058 376 4114 Stud.
395 4059 506 4118 Hesiod.
526 4060 537 4112 l
560 4066 616 4115 150.

133 4151 153 4215 ¹)
173 4150 280 4219 ταθμός
299 4149 432 4219 Hesych.,
456 4146 490 4206 cf.
511 4151 589 4213 αἰός,
610 4151 698 4204 larcin
717 4151 791 4218 apud
815 4152 846 4205 G.
866 4149 974 4220 Meyerl
993 4152 1008 4222 ᾖ
1029 4157 1075 4206 121
1097 4169 1122 4222 p.
1144 4157 1191 4206 181
1214 4154 1259 4208 nbi

60 4236 137 4304 digni
157 4240 223 4290 cunt
240 4236 286 4304 qni
304 4234 496 4291 monbantur
514 4251 608 4292 versus
626 4236 725 4292 Kaibel
745 4253 786 4292 nr.
800 4242 859 4303 818,
879 4243 894 4290 t
914 4238 1058 4310 (χέσομαι,
1076 4248 1163 4296 metro
1182 4241 1259 4310 flagi·

61 4328 140 4378 tante
164 4321 377 4390 diphthongum)
401 4338 440 4378 nr.
463 4328 521 4389 llo,
541 4330 556 4376 b
576 4325 648 4397 ὑπὲρ
668 4323 739 4378 cirdv
763 4325 846 4393 sarpa
871 4325 944 4392 (hex.
970 4327 1064 4397 claun.)
1090 4345 1130 4383 nr.
1157 4334 1257 4397 ³11‚b

61 4414 190 4479 τοῦνομα
209 4409 295 4464 rcirbv
314 4412 375 4481 ἔχω.

132 4499 154 4571 ⁸)
170 4496 274 4552 Attulit
293 4497 435 4566 logerlotz
453 4498 529 4553 blito.
549 4504 582 4552 18
602 4497 719 4566 (dissert.
738 4498 800 4554 Hal.
821 4503 910 4564 1888).
