2940 5026
682 208 919 271 -118-

201 402 267 467 470
289 417 337 481 sq.
369 397 485 482 quibus
515 395 612 463 facile
640 415 754 463 carere
784 415 957 478 possumus
984 395 1064 461 nihil
1091 395 1203 462 obstat
1232 395 1405 477 quominus

201 501 431 587 interpolatori
463 500 591 568 cuidam
624 499 822 585 tribuamus,
857 501 909 568 cui
931 500 1093 584 correptio
1116 504 1219 582 queat
1253 500 1404 582 concedi3

202 610 305 678 verba
335 606 522 691 ἀλεξέμεναι
551 603 613 692 γὰρ
644 604 776 690 ἄμεινον
805 604 927 689 optime
950 624 1012 672 neo
1038 604 1108 671 sine
1131 603 1165 674 vi
1187 604 1222 671 in
1246 604 1405 671 orationis

201 713 266 781 flue
295 709 449 779 collocari
478 709 585 793 quivis
615 709 753 794 sentiet,
784 729 873 793 cum,
906 715 945 778 ut
974 728 1091 779 versus
1119 729 1207 778 nunc
1235 710 1403 794 leguntur,

201 817 308 884 locum
330 813 519 884 invenerint
539 813 629 882 haud
650 813 700 881 ita
722 820 845 898 aptum.

289 923 321 989 9.
349 921 501 1005 μείλινος,
524 920 653 1003 μέλινος
676 946 694 1004 p
718 922 792 1003 339,
822 921 918 1006 μελίη
941 924 1078 1002 propter
1099 917 1352 1002 productionem
1372 919 1404 984 in

202 1025 366 1095 adiectivo
396 1022 604 1106 conspicuam
632 1042 674 1091 ex
701 1022 863 1110 *pltfroog
893 1023 1024 1110 ’μελρύη
1052 1021 1260 1106 repetierim,
1293 1042 1404 1104 quam·

202 1130 253 1199 vis
277 1128 378 1215 etymi
405 1127 608 1214 (⁴0p1sisr'd?)
637 1127 784 1211 ignarus·
821 1131 948 1217 μειλεής
977 1130 1120 1220 proclinus
1148 1127 1296 1214 pstir'q¹)
1328 1131 1405 1210 ἐυμ-

201 1235 327 1321 μεολοής
357 1232 461 1321 (2101)
484 1239 604 1317 poetae
633 1233 784 1302 versibus
815 1234 930 1300 eadem
956 1231 1086 1299 ratione
1115 1231 1407 1298 accommodarunt

203 1358 268 1422 qua
291 1341 391 1427 ξεινεή
407 1340 539 1420 ξεινίων,
564 1340 756 1425 Αἰγυπτίων
771 1344 864 1423 eett.;
888 1336 931 1404 uti
946 1336 1056 1424 ussljp
1070 1336 1134 1422 fois
1148 1336 1182 1403 in
1203 1336 1272 1403 fine
1288 1355 1406 1405 versus

161 1490 165 1499 -
204 1448 239 1510 Ν
261 1445 323 1510 178
355 1443 546 1510 0012537.
593 1443 640 1510 At
668 1444 764 1530 μελίη
794 1441 938 1509 retinere
960 1440 1069 1508 malim
1096 1439 1202 1508 vocali
1228 1459 1313 1508 vere
1337 1460 1406 1508 cor·

203 1553 299 1630 repta
321 1553 353 1615 Β
374 1551 449 1632 543,
480 1547 532 1615 eui
554 1548 665 1617 versui
688 1548 817 1614 obelum
840 1544 991 1629 appinxit
1011 1545 1123 1628 Raspe
1146 1545 1406 1614 assentientibus

202 1654 390 1721 Duentzero
413 1652 513 1739 (honr.
537 1653 700 1720 Ahhaudl.
724 1652 804 1740 224)
827 1658 863 1719 et
887 1649 1052 1733 Nauckio,
1076 1655 1093 1729 ξ
1117 1651 1178 1716 281
1210 1668 1310 1732 quem
1334 1669 1406 1718 cum

203 1777 257 1826 vv.
282 1759 456 1825 282-284
483 1757 573 1824 haud
603 1757 670 1824 scio
693 1777 736 1825 an
763 1754 993 1841 interpolatori
1022 1755 1240 1837 dereliceat,
1276 1759 1406 1838 0160,

202 1880 245 1929 ue
267 1879 384 1935 versus
405 1861 526 1945 fingam
554 1860 744 1944 ingratioris
767 1859 997 1929 modulationis
1028 1857 1083 1945 (cf.
1106 1864 1218 1926 tumen
1240 1865 1274 1926 Β
1295 1861 1406 1947 sesi).

291 1965 338 2034 Ut
373 1966 483 2052 psale'q
520 1983 687 2047 uunquam
726 1965 894 2050 dactylum
929 1963 1063 2047 efficiat,
1102 1963 1136 2031 in
1169 1964 1317 2032 locorum
1354 1966 1407 2048 qui

202 2071 439 2145 nominativum
462 2071 616 2139 exhibent
639 2070 806 2153 paucitate
821 2069 873 2155 (N
898 2071 968 2136 178.
996 2070 1114 2136 7277.
1137 2075 1175 2136 Χ
1195 2070 1271 2136 328.
1294 2097 1320 2155 χ
1344 2073 1407 2138 276

202 2207 226 2232 =
252 2177 316 2244 259
344 2174 449 2263 spur.)
483 2193 562 2243 casu
595 2173 719 2242 iactum
749 2191 822 2241 esse
851 2178 971 2257 potest.
1021 2174 1230 2243 Adiectivum
1264 2179 1408 2260 μεελινος

206 2283 285 2349 lter
306 2268 454 2350 vocalem
476 2279 637 2363 producit,
661 2279 762 2347 semel
785 2278 920 2363 corripit
943 2283 1041 2363 9339
1065 2281 1121 2347 s‘nt
1140 2281 1273 2364 μελύοοο
1298 2280 1404 2362 ούδού,

204 2404 300 2468 quem
323 2403 455 2454 versum
477 2385 544 2452 iam
566 2384 733 2451 Nauclrius
755 2384 900 2451 correxit
922 2383 992 2470 (ἐπὶ
1015 2389 1145 2469 ύρολνοο
1169 2383 1283 2473 ούολοῦ)
1305 2406 1405 2456 versu

205 2517 230 2578 φ
252 2491 295 2557 43
318 2507 413 2572 usus;
437 2488 479 2555 de
502 2489 690 2570 corruptela
712 2488 752 2556 cf.
776 2489 855 2555 Hes.
880 2490 1047 2574 Theogou.
1064 2493 1125 2558 811
1150 2491 1288 2576 χάλκεος
1312 2490 1406 2570 odeis

204 2594 345 2679 (recens.
369 2593 490 2660 divers.
515 2592 622 2671 λύινος
647 2592 764 2679 ούδύς).

294 2700 344 2766 10.
380 2697 548 2776 Πολύϊδος
578 2698 667 2781 apud
689 2699 868 2767 Homerum
897 2704 949 2767 ter
978 2699 1080 2786 (quod
1108 2700 1255 2769 imitatur
1286 2701 1403 2770 Kaibel

204 2821 254 2870 nr.
267 2803 341 2885 221,
360 2809 373 2870 1
390 2831 413 2858 =
428 2802 564 2870 Beohtel
579 2803 704 2870 Inschr.
721 2803 780 2871 des
790 2805 859 2890 Jon.
876 2803 952 2871 dial.
968 2824 1018 2871 ur.
1030 2805 1102 2892 35);
1119 2810 1180 2873 att.
1196 2806 1372 2885 Πολύϊδος
1384 2835 1405 2861 =

205 2905 470 2993 *flottfsdfocb
500 2906 564 2992 Qui
586 2907 766 2988 Πολύειδος
788 2929 821 2978 v.
836 2910 857 2976 l.
874 2910 1135 2997 praetulerunti)
1158 2929 1267 2993 neque
1283 2912 1405 2979 atticae

204 3012 331 3080 formae
361 3011 442 3078 satis
468 3011 629 3080 rationem
651 3013 776 3080 habent
802 3018 837 3080 et
865 3013 1054 3082 refutantur
1075 3014 1223 3102 tituhs.⁴)
1271 3016 1336 3101 Qui
1366 3016 1404 3082 de

204 3265 262 3323 liz.
278 3265 346 3322 vul
367 3267 437 3336 100),
455 3264 504 3322 sed
522 3292 557 3313 -ο
575 3268 720 3339 *ops-uiro!
738 3267 760 3338 (ε
780 3261 867 3331 ἅπαξ,
885 3268 994 3328 ἁπλόος
1012 3282 1047 3322 ex
1064 3284 1145 3339 sps-p.
1173 3264 1209 3325 oi.
1228 3265 1278 3322 lat
1297 3271 1405 3340 simplos

204 3379 239 3401 -
266 3355 435 3427 ’ἐνμῆμαρε
459 3355 635 3426 ‘summm
654 3355 748 3426 paullo
766 3354 850 3412 alitor
873 3354 943 3410 Fioh
965 3354 1021 3410 BB.
1042 3354 1083 3410 ΙΙΙ
1110 3355 1176 3423 101).
1213 3353 1296 3412 Hanc
1320 3357 1406 3425 expli·

204 3443 343 3500 ostionem
361 3452 530 3512 occuparunt
548 3443 583 3500 ds
601 3445 736 3501 Ssussurs
753 3450 782 3499 et
800 3443 1013 3512 Wackernagel.

278 3535 298 3602 ¹)
316 3535 398 3602 μελίη
416 3531 482 3588 Hes.
500 3532 569 3602 Opp.
591 3537 648 3589 lto.
686 3534 760 3590 Sunt.
778 3537 839 3588 420.
875 3535 982 3593 Melior
1000 3530 1142 3600 Theogon.
1165 3537 1222 3586 187.

278 3623 298 3685 ²)
314 3618 520 3690 Wackernagel
537 3619 595 3678 KZ.
612 3621 692 3677 XXV
710 3625 770 3676 201.
798 3619 906 3674 XXVII
925 3623 977 3675 270
1000 3635 1054 3689 quo
1072 3618 1133 3675 loco
1151 3619 1210 3681 iare
1228 3625 1327 3676 mutua
1345 3621 1405 3677 Ost·

204 3704 320 3762 nemum
338 3706 404 3764 ΜΠ.
422 3707 460 3761 IV
479 3711 512 3762 00
531 3705 663 3777 hautot
698 3706 826 3764 Hsrtelio
844 3707 1009 3768 [relocatos
1032 3706 1161 3763 sumenti
1183 3706 1244 3776 ipse
1262 3706 1406 3765 oblocutus

205 3811 265 3854 sum
282 3794 341 3852 ΚΖ.
360 3795 451 3852 XXIX
469 3800 530 3852 200.

276 3882 297 3950 1)
314 3882 392 3939 uelut
408 3883 503 3939 Knoes
522 3881 556 3938 de
574 3881 713 3952 digamma
734 3887 783 3938 120
802 3883 897 3940 Christ
916 3880 1014 3937 Iliadis
1032 3880 1128 3938 editor.

276 3970 300 4034 ⁴)
318 3968 421 4024 Poetae
444 3984 525 4039 quem
550 3984 623 4024 nune
644 3967 805 4040 Polyeidnm
828 3983 927 4025 rocsre
949 3977 1044 4024 amant
1062 3982 1161 4025 nomeu
1180 3969 1310 4026 scribitur
1327 3988 1406 4040 pers

206 4055 308 4111 cauom
326 4071 368 4115 ur.
388 4061 445 4110 122.
482 4057 628 4118 Πολύιδος
650 4058 883 4127 Ἁλικαρνασσεύς
907 4059 1106 4128 hittenberper
1130 4058 1406 4129 synopensem

206 4147 239 4196 00
268 4142 351 4207 (saec.
377 4142 412 4207 V)
439 4168 472 4187 =
499 4142 615 4199 Bechtel
639 4143 658 4199 1.
682 4143 701 4199 l.
729 4161 779 4200 ur..
797 4152 856 4203 200.
892 4149 1060 4219 ’Λμούύοον
1089 4149 1261 4210 Πολολύεοος
1292 4148 1407 4205 messal

205 4228 303 4286 collita
327 4244 369 4284 nr.
389 4234 440 4284 215
464 4247 488 4284 v.
508 4237 542 4286 ss
565 4232 594 4286 in
618 4239 738 4288 mentem
765 4243 847 4290 vocat
869 4234 1138 4304 Mdsmpodidamm
1165 4242 1290 4304 gentem:
1319 4238 1405 4306 Ἀμο-

205 4317 301 4372 οούονο
319 4314 405 4372 filium
423 4319 556 4393 Κρηθῆος
575 4321 712 4376 Αἰολίδαο
737 4321 762 4391 (λ
780 4322 855 4393 207),
881 4321 998 4379 tratrem
1016 4321 1111 4378 Peliae
1133 4322 1192 4391 (qui
1210 4325 1242 4377 ἐν
1260 4325 1407 4398 εορυχόρρ

206 4404 320 4476 Ἰαωλκῷ
347 4413 409 4460 ναῖε
436 4406 612 4482 πολύρρηνος
629 4410 644 4462 λ
662 4412 714 4463 ibt
732 4408 783 4477 sq.)
810 4407 922 4465 Aisouis
939 4409 1068 4465 Pheretis
1083 4409 1175 4480 (quem
1201 4411 1305 4485 Φερῶν
1331 4411 1407 4466 urbis

206 4490 427 4550 Thessalicae
445 4491 613 4552 conditorem
638 4492 722 4555 fuisse
747 4494 842 4551 dicunt
866 4497 960 4568 steph.
987 4498 1052 4571 Byr.
1071 4514 1092 4554 s.
1111 4515 1134 4552 r.
1154 4499 1272 4575 φοραί),
1296 4506 1406 4571 patrem
