2956 5018
551 223 699 288 -483
746 259 785 269 -

72 412 289 495 Excipiuntur
304 413 526 479 tantummodo
542 413 675 494 propria
689 412 827 493 nomina,
845 417 882 476 ut
896 429 979 491 quae
994 409 1115 475 maiore
1130 409 1261 476 licentia

72 518 121 583 uti
143 519 278 601 parsit,
303 517 487 602 Ἀρτέμιδος
512 518 712 602 Κιμμερικόν
734 517 894 602 ‘sintrioy’
923 516 976 602 (fr.
1003 519 1073 597 138,
1101 515 1133 602 1)
1157 515 1260 600 Εὐρύ-

71 649 178 705 μαχος
208 621 296 706 (179,
323 622 355 707 1)
384 624 581 699 Αἰθιοπίδος
612 621 700 707 (300,
725 623 760 705 2)
789 622 889 687 habet
917 619 1098 703 Aeschylus
1129 618 1197 703 (qui
1227 620 1260 685 in

71 727 187 791 eadem
203 727 280 792 sede
297 733 331 793 et
341 727 452 805 Ἥλιος
467 727 622 812 admisit),
648 726 830 812 Εὖρύσακες
845 724 1058 809 Χρυσόθεμις
1073 723 1128 809 Ἀρ
1129 727 1262 809 χιλοχος

70 829 246 913 Sophocles
269 830 339 916 (qui
362 838 396 896 et
412 829 528 916 Ἥλιε),
551 831 732 909 Ἱππόλυτος
755 831 929 912 Euripides
952 829 999 915 (in
1022 830 1175 916 41166).
1221 832 1260 896 In

69 934 273 1000 Philoctetae
285 935 397 1001 fabula
409 955 491 1016 quae
503 936 633 1001 maioris
644 936 795 1001 licentiae
810 935 908 1000 etiam
924 935 989 1000 aha
1000 935 1109 1016 prodit
1120 935 1260 1016 vestigia

69 1038 253 1120 Sophocles
268 1040 353 1105 hanc
374 1059 520 1104 normam
542 1040 717 1122 neglegere
740 1057 839 1104 ansus
862 1044 929 1120 est,
959 1037 1112 1104 οὐδέποτέ
1134 1039 1162 1123 y'
1186 1043 1258 1121 999,

70 1142 217 1209 οὐδέποτ’
256 1147 355 1227 1392,
390 1145 582 1228 ξυλλάβετον
619 1148 718 1226 1003,
754 1141 917 1220 &dicerer
947 1143 993 1230 (P)
1031 1146 1123 1210 1420.
1169 1144 1260 1210 Idem

68 1249 158 1314 cadit
177 1249 210 1315 in
226 1250 415 1332 Euripidem
436 1255 546 1317 661616
561 1251 777 1334 grandiorem.
785 1249 811 1335 1)
842 1249 983 1316 Sevems
1000 1267 1078 1314 usus
1094 1249 1260 1332 dactylum

67 1355 160 1420 initio
195 1354 314 1420 senarii
352 1373 416 1420 non
450 1355 594 1420 admittit
626 1353 688 1419 nisi
721 1353 786 1418 ictu
821 1351 954 1418 effertur
983 1351 1087 1432 prima
1124 1351 1259 1418 alicuius

68 1460 159 1526 vocis
189 1460 333 1541 syllaba,
364 1459 384 1525 i.
416 1479 443 1525 6.
475 1460 537 1524 nisi
559 1459 694 1541 primam
723 1460 830 1527 thesin
861 1461 985 1526 obtinet
1014 1461 1257 1543 monosyllabon

67 1561 230 1648 (exceptis
260 1568 369 1628 tamen
400 1563 528 1629 articuli
550 1563 662 1629 formis
685 1569 719 1629 et
741 1564 1034 1646 praepositionibus
1057 1584 1138 1645 quas
1160 1566 1259 1632 ictum

66 1668 253 1734 necessario
276 1668 308 1733 in
337 1686 373 1733 se
395 1669 527 1734 trahere
550 1668 720 1755 vidimus):
757 1668 794 1735 οὐ
825 1670 942 1753 Σύριον
976 1663 1001 1736 ὦ
1033 1670 1161 1738 Θάοατε
1183 1671 1259 1758 μήτ’

67 1772 187 1856 ἄροτον
222 1771 290 1839 οὐδ’
323 1771 415 1838 ὅσιον
455 1773 524 1839 sine
559 1773 733 1839 offensione
770 1764 924 1857 leguntur
963 1775 996 1840 in
1036 1775 1175 1841 trimetri
1212 1777 1258 1842 in·

65 1878 227 1964 gressul)
261 1878 356 1943 Unde
379 1878 515 1943 efficitur
538 1878 709 1961 displicere
731 1898 796 1944 non
818 1884 885 1944 tarn
909 1880 1073 1962 dactylum
1096 1881 1129 1945 in
1152 1882 1259 1948 fronte

65 2002 184 2051 versus
213 1985 404 2050 collocatum
433 2003 528 2063 quam
551 1984 650 2050 ictum
680 1985 712 2049 in
743 1985 835 2052 brevi
858 1985 997 2067 positum
1021 2005 1105 2066 quae
1126 1988 1259 2070 longam

65 2091 212 2157 eiusdem
234 2092 390 2158 'vocabuli
420 2091 576 2156 initialem
605 2092 751 2174 proxime
774 2092 973 2173 insequatur.
1019 2092 1134 2159 Paullo
1163 2091 1260 2158 aliter

65 2215 261 2277 quamquam
284 2214 399 2264 versus
423 2195 486 2261 OC.
513 2198 596 2260 1634

709 2290 754 2336 καὶ
775 2291 942 2339 καταίνεσον

385 2373 496 2440 μήποτε
515 2371 676 2441 προδώσειν
695 2370 776 2423 ra'od'
795 2370 867 2426 ἑκών
886 2376 940 2425 κτλ.

66 2465 274 2540 comparatus
298 2463 349 2523 est
370 2457 511 2523 fortasse
533 2464 641 2522 tamen
659 2477 699 2523 ea
721 2477 757 2522 re
778 2464 962 2541 excusatur,
987 2459 1072 2539 quod
1095 2458 1258 2525 sententia

68 2563 238 2628 encliticon
262 2590 338 2628 ποτε
362 2582 432 2628 cum
456 2562 595 2642 quadam
619 2562 707 2628 vocis
730 2561 910 2628 intentione
932 2562 1022 2628 iubet
1044 2562 1256 2645 pronuntiari.

154 2665 306 2750 Quisquis
342 2664 506 2730 licentiam
544 2684 640 2745 quam
674 2665 880 2730 necessitatis
917 2665 1034 2731 finibus
1071 2671 1257 2732 contentam

63 2772 186 2837 habeat
208 2770 306 2836 certis
321 2770 455 2852 insuper
477 2769 716 2835 condicionibus
732 2774 767 2834 61
789 2769 1006 2837 observantiis
1022 2769 1256 2853 circumstrepit,

62 2876 126 2941 hac
159 2894 196 2940 re
234 2875 384 2941 licentiae
425 2874 594 2940 audaciam
636 2874 780 2939 minuere
821 2878 855 2938 et
894 2873 1126 2942 insuavitatem
1164 2875 1257 2956 quasi

62 2980 214 3063 mitigare
244 2981 328 3048 velle
359 2979 540 3046 censendus
564 2985 623 3045 ost.
670 2979 733 3063 Qui
756 2978 921 3057 ᾰθάνοτος
943 2979 1044 3044 sirnm.
1069 2980 1256 3045 necessitati

63 3085 184 3152 cedens
214 3090 317 3149 metro
352 3083 533 3164 adepturus
567 3102 632 3148 non
666 3083 852 3163 quemlubet
885 3082 1044 3166 syllabam
1078 3084 1137 3148 sed
1170 3084 1256 3165 quod

63 3192 134 3257 eins
156 3189 227 3255 fieri
257 3192 366 3270 potest
388 3187 524 3269 primam
554 3186 705 3267 producit
731 3206 814 3267 quae
837 3205 953 3254 versus
980 3187 1078 3252 ictum
1110 3187 1255 3270 recipiat,

63 3316 138 3364 eum
161 3301 252 3361 certa
275 3294 316 3358 de
339 3311 438 3358 causa
460 3291 597 3372 primam
620 3311 700 3372 prae
723 3292 840 3357 ceteris
863 3291 984 3374 eligere
1003 3297 1255 3358 consentaneum

63 3407 131 3483 661,
167 3398 315 3465 nimirum
350 3395 435 3477 quod
465 3395 592 3477 syllaba
621 3394 754 3461 initialis
785 3403 902 3478 suapte
932 3402 1051 3462 natura
1084 3400 1119 3460 et
1147 3396 1255 3462 indole

62 3505 143 3572 ictui
165 3504 209 3568 sit
238 3500 416 3583 aptissima.
461 3498 501 3563 In
532 3498 669 3563 eundem
699 3501 828 3565 modum
858 3499 1079 3583 argumentari
1108 3500 1185 3565 licet
1214 3501 1254 3566 de

62 3608 261 3692 tragicorum
289 3624 350 3670 usu
380 3603 434 3684 qui
465 3602 605 3688 ᾇγαθός,
640 3621 705 3668 non
736 3602 857 3685 ἀγᾳθός
887 3605 1054 3688 probavit3
1089 3604 1172 3669 ictus
1202 3604 1252 3672 vis

62 3712 270 3780 distribuitur
292 3709 420 3791 quidem
435 3709 468 3773 in
491 3713 662 3786 utramque
681 3707 849 3791 syllabam,
873 3711 931 3775 sed
949 3710 1102 3776 maiorem
1126 3715 1253 3791 partem

62 3819 182 3885 cadere
204 3816 238 3882 in
261 3815 400 3898 priorem
423 3833 482 3895 per
504 3832 540 3879 se
562 3816 664 3894 patet
698 3813 969 3881 ί1161111611166116
992 3816 1090 3897 letne,
1115 3814 1255 3880 welcher

61 3924 106 3989 im
142 3926 253 4008 σχῆμα
285 3919 458 4005 ὁλόκληρον
492 3917 543 3983 (116
573 3916 688 3999 L'ange
719 3918 794 4000 tras,
829 3921 984 3986 vertheilt
1013 3920 1080 3986 sich
1113 3918 1165 3984 bei
1196 3918 1254 3983 der

63 4026 244 4108 Anflbsnng
274 4024 333 4090 der
355 4023 470 4106 Lange
491 4023 524 4088 in
548 4023 620 4088 eine
642 4023 870 4104 Doppelkiirze
900 4025 1062 4107 derartig,
1094 4025 1170 4090 dass
1201 4023 1253 4088 die

64 4136 152 4196 erste
189 4129 248 4194 der
283 4127 399 4193 beiden
434 4127 565 4192 Ktirzen
603 4128 666 4193 den
704 4134 808 4196 etwas
849 4130 1020 4194 6111161611
1057 4129 1251 4194 metrischen

62 4235 152 4302 Ictus
182 4236 357 4317 bekommt,
392 4231 444 4297 die
474 4231 590 4298 zweite
620 4233 679 4299 der
711 4233 827 4300 beiden
858 4233 989 4298 Klirzen
1021 4233 1113 4299 einen
1149 4240 1252 4301 etwas

135 4431 155 4497 ²)
175 4427 216 4485 Gi.
236 4427 270 4481 de
288 4427 331 4481 his
348 4424 429 4480 rebus
449 4423 582 4478 Saelinslri
599 4430 643 4480 20.
670 4425 779 4493 Philipp
798 4431 840 4478 25.
868 4422 946 4477 Wolf
966 4429 1004 4475 11.

134 4519 156 4586 ⁸)
173 4515 307 4571 Saelinski
324 4520 366 4567 ct.
403 4512 505 4566 Muller
521 4510 584 4579 ped.
603 4512 653 4567 eol.
674 4517 714 4565 tc.
733 4518 775 4569 86.

1041 4598 1105 4661 31*
