2956 5040
663 188 899 252 -266-

271 376 549 458 Acqnescandum
576 376 677 459 igitur
707 381 786 458 puto
816 376 848 440 in
880 396 920 441 ea
950 395 1046 456 quam
1076 373 1168 439 initio
1199 372 1384 454 significavi

183 483 298 549 Ebelio
322 482 404 548 duce
428 500 507 548 usus
529 481 703 564 sententia,
726 492 900 565 fescanum
917 487 955 546 ut
977 479 1169 548 vocabulum
1190 476 1382 559 antispasti-

184 608 255 654 cum
285 587 318 652 in
349 605 464 654 versus
495 586 642 652 clausula
674 606 694 652 a
723 585 830 668 poetis
854 607 912 668 pro
937 585 1115 667 dispondeo
1148 583 1243 647 metri
1272 582 1383 664 gratia

183 691 362 758 adhibitum
405 710 487 756 esse.
542 691 636 774 Quod
678 691 868 758 Athenaeus
906 692 984 757 XIV
1027 691 1091 755 632
1129 706 1260 755 versum
1300 686 1382 773 καλή

185 797 391 862 Κασσιέπεια
415 801 504 871 θεοῖς
529 796 628 876 δέμας
650 799 773 862 ἐοικυῖα
797 797 886 882 (libri
911 801 941 863 Θ
957 798 1021 863 305
1045 792 1126 880 uuir}
1153 793 1381 877 Καστιάνειρα

185 905 284 986 ὑέμας
322 904 423 966 εἰκυῖα
462 906 574 990 θεῇσιν
611 919 695 981 quae
731 902 829 968 lectio
867 902 981 967 mirum
1020 904 1177 982 quantum
1215 896 1382 982 praestat)

183 1009 341 1089 deceptus
370 1006 456 1072 falsa
486 1005 649 1087 scriptura
679 1006 771 1073 cuius
802 1005 892 1088 origo
916 1010 1010 1086 patet
1032 1023 1091 1085 pro
1113 1002 1244 1091 μυοὺρρ
1267 1002 1381 1069 vendi·

183 1112 277 1193 tavit,
301 1111 377 1176 inde
400 1109 480 1175 nihil
503 1109 630 1174 omnino
647 1109 774 1175 efficere
797 1110 910 1175 debuit
928 1108 1174 1193 Heydenreich:
1199 1127 1264 1172 non
1281 1108 1383 1174 semel

184 1220 216 1283 ἐν
247 1215 326 1281 noli
353 1214 516 1296 Ὄλυμπος
550 1214 639 1291 ξένος
668 1213 822 1281 scribitur
851 1216 905 1283 ubi
935 1234 1052 1284 versus
1084 1216 1215 1297 longam
1245 1214 1384 1294 requirit

184 1321 238 1407 (cf.
264 1341 314 1386 ex.
339 1340 366 1386 c.
390 1320 498 1411 12327
524 1319 648 1387 Townl.
674 1320 890 1405 ἕρὺσσαισθε;
922 1328 998 1387 ceti.
1025 1320 1239 1406 εἰρύσσαισθε
1265 1319 1382 1405 recte).

271 1427 393 1492 Forma
420 1436 596 1507 secsoaavua
626 1425 770 1491 admissa
804 1429 835 1490 sp
862 1431 903 1493 66
934 1427 1050 1492 mendo
1079 1424 1213 1491 liberari
1242 1425 1382 1506 poterit:

184 1531 316 1613 ὄμματα
332 1529 401 1595 κάλ’
420 1533 521 1595 εἰκυῖα
539 1528 635 1612 (καλὰ
656 1541 764 1612 saxosa
780 1531 955 1597 Hoffmann
972 1530 1129 1597 audacius
1145 1549 1241 1610 quam
1257 1528 1382 1614 verius)

184 1657 224 1702 ex
249 1635 380 1719 ὄμματα
402 1647 577 1719 perfossam
605 1636 719 1701 eodem
742 1636 1003 1719 interpolationis
1027 1653 1148 1720 genere
1171 1640 1286 1700 natum
1310 1653 1383 1700 esse

183 1742 339 1824 suspicor,
364 1740 450 1821 qnod
466 1739 613 1806 manibus
637 1744 785 1806 tenemus
810 1744 916 1807 2418
940 1741 1005 1826 ἔργ’
1030 1743 1146 1806 εἰκυῑαι
1169 1739 1268 1806 schol.
1285 1739 1381 1805 Pind.

185 1846 235 1912 Ol.
260 1845 324 1911 VII
347 1848 389 1911 95
412 1844 560 1928 (Bbeckh
584 1844 619 1909 Π
642 1864 673 1925 p.
700 1846 776 1931 173)
800 1867 859 1929 pro
881 1847 1036 1913 librorum
1061 1848 1219 1911 εἰοικυῖαι.

271 1951 321 2016 De
344 1948 468 2015 formae
487 1948 695 2036 ὑπεμνήμυκε
713 1951 865 2037 Χ41111)
887 1951 1105 2034 explicatione
1129 1969 1213 2032 qnae
1235 1948 1313 2014 inde
1341 1951 1383 2014 ab

183 2054 381 2136 antiquitate
412 2053 500 2120 viros
531 2054 644 2120 doctos
675 2055 822 2121 exercunt
848 2055 979 2120 Curtius
1007 2054 1117 2140 (Verb.
1143 2055 1192 2119 112
1218 2055 1296 2139 145)
1327 2055 1381 2120 de·

184 2159 340 2242 speravit.
372 2158 499 2224 Reiecti
522 2164 599 2224 sunt
621 2158 675 2240 qui
699 2158 865 2224 deradice
887 2185 950 2245 μνη
967 2161 1026 2243 (εἰς
1043 2158 1222 2245 α’νιὶμνήσιν
1238 2161 1382 2244 ἔρχεται,

184 2263 273 2349 ἅμα·
318 2261 497 2348 ὑνὺμνήυιν
536 2261 680 2350 εἴληφεν)
719 2264 964 2347 cogitaverunt,
1009 2285 1203 2346 quamquam
1243 2262 1383 2329 Barnesi

183 2387 353 2434 assensum
376 2369 524 2434 tulerunt
538 2368 758 2455 ὑπεμνήμευκε
781 2377 814 2445 (=
829 2369 1096 2455 ὑπεμνήμόνευκε)
1114 2366 1382 2434 commendantis.

182 2473 280 2538 Ratio
304 2492 401 2555 quam
417 2473 629 2555 Angermann
650 2473 725 2539 iniit
738 2474 975 2540 Dissimilation
993 2495 1023 2556 p.
1042 2477 1081 2539 15
1097 2493 1144 2555 sq.
1162 2475 1208 2557 (<
1226 2472 1382 2552 ’ὑπερεν-

182 2578 307 2659 μένυκε)
337 2597 402 2643 non
432 2595 496 2643 uno
527 2577 656 2643 nomine
687 2578 838 2661 displicet
867 2581 1021 2663 analogia
1050 2580 1179 2646 omnino
1210 2578 1381 2644 destituta.

182 2682 357 2765 Ingeniosa
392 2683 581 2765 Brugmann
616 2681 665 2767 (d.
698 2682 790 2748 Stud.
822 2684 887 2748 VH
917 2687 979 2750 357
1015 2703 1046 2749 n.
1079 2684 1136 2770 50)
1177 2682 1384 2768 ὑπεμνήμυκε

183 2805 255 2852 esse
286 2786 465 2868 perfectum
497 2788 680 2869 praesentis
710 2787 866 2856 intensivi
895 2786 1047 2873 μνή-μὺω
1071 2786 1158 2871 (coll.
1182 2785 1384 2852 sanseriticis

149 2935 156 2948 .
183 2891 276 2957 velut
298 2892 560 2976 ιιιαιιι-ιααυραὺσ)
585 2892 731 2974 coniecit,
759 2898 796 2959 nt
818 2893 938 2959 dictum
962 2897 1051 2958 esset
1073 2892 1114 2957 de
1137 2892 1228 2958 voltu
1252 2891 1384 2974 lugubri

182 2994 388 3079 (blagliclrer
416 2994 552 3080 Bnck’),
583 3015 690 3077 neque
719 3002 829 3063 tamen
860 2996 1007 3062 omnibus
1037 2995 1180 3060 numeris
1210 2995 1382 3061 satisfecit.

183 3174 225 3221 est
243 3165 425 3234 anhapsodis
449 3185 482 3223 ex
500 3167 567 3242 ήκιο
592 3173 635 3236 (<
655 3173 873 3241 'ri-fastand,
899 3171 975 3225 cuius
999 3170 1059 3225 loco
1083 3171 1232 3224 Homerum
1261 3173 1383 3240 spissum

183 3255 284 3311 dixisse
309 3255 407 3310 Nauck
432 3257 449 3314 1.
476 3258 493 3310 1.
518 3263 569 3312 1211
598 3266 671 3314 recte
699 3261 815 3314 coniecit
842 3259 964 3327 quamvis
988 3259 1122 3314 oblocutis
1148 3258 1274 3312 Hartelio
1302 3258 1384 3314 Hom.

184 3342 261 3397 Stud.
286 3343 328 3397 111
353 3348 385 3396 33
412 3350 440 3398 st
462 3343 682 3414 Heydenreichio
706 3345 761 3403 1.1.
784 3351 841 3399 151.
877 3345 1040 3413 Comparari
1064 3352 1156 3413 potest
1174 3348 1273 3417 ἐώργει
1299 3346 1384 3404 iias

181 3429 365 3504 (ώνὺρώπους
385 3433 493 3502 ἐώργει)
513 3438 604 3486 ortum
628 3448 664 3487 ex
688 3434 860 3505 ’ήμρόργεα
889 3431 962 3500 quod
987 3432 1046 3486 iure
1074 3431 1170 3487 cedere
1198 3433 1277 3487 iussit
1304 3448 1384 3501 prae

99 3540 107 3555 ε
183 3524 265 3572 eunte
282 3515 402 3571 editione
422 3518 505 3572 Basil.
520 3518 585 3572 anni
601 3524 667 3572 1558
686 3519 720 3587 (v.
733 3517 825 3574 Dares
840 3519 916 3573 Misc.
930 3519 1002 3576 orius
1016 3521 1078 3587 328)
1096 3518 1191 3573 Nauck
1210 3520 1271 3574 usui
1287 3520 1384 3574 home-

184 3608 240 3661 rico
260 3614 289 3660 et
300 3621 392 3662 versus
411 3606 553 3661 commodo
567 3605 759 3674 obtemperans
778 3605 884 3661 formae
898 3608 1018 3680 ἐεόργει,
1037 3623 1119 3675 qnam
1133 3622 1230 3662 revera
1248 3607 1385 3663 traditam

183 3710 241 3750 esse
260 3695 348 3749 vimm
367 3693 506 3762 egregium
531 3694 635 3761 fugisse
656 3694 772 3756 videtur.
811 3693 854 3748 sd
880 3693 1009 3764 Hesychii
1035 3695 1155 3761 glossam
1184 3696 1283 3770 ἐώργει
1312 3710 1385 3764 quae

184 3784 257 3837 inter
277 3785 394 3851 ἐεχμένη
414 3785 443 3834 et
461 3781 585 3851 [ἐζώνθή]
605 3784 742 3845 ἐζώλωσεν
762 3782 864 3849 legitur
882 3780 973 3836 editor
990 3782 1113 3836 lenensis
1132 3791 1207 3837 recte
1225 3781 1384 3838 adnotavit:

184 3869 277 3923 ‘series
308 3871 423 3942 ἐεώργει
454 3869 587 3936 requirit.²
628 3868 709 3924 Unde
736 3871 750 3928 ξ
777 3874 828 3922 289
856 3868 1006 3937 aliquando
1034 3869 1181 3923 nonnullos
1210 3872 1385 3939 ανθρώπους

183 3957 297 4025 ἐεώργει
317 3956 409 4022 (immo
428 3956 550 4030 ἐεόργει;
574 3954 609 4012 cf.
627 3970 741 4022 pravam
760 3955 926 4024 scripturam
942 3978 961 4026 χ
981 3956 1041 4023 318)
1060 3954 1159 4021 legisse
1183 3956 1258 4010 haud
1282 3956 1384 4024 impro-

183 4041 313 4096 babiliter
340 4043 467 4100 conicias.
505 4043 685 4112 Corruptelae
712 4044 741 4097 in
773 4047 881 4118 ἐώργει
913 4043 1008 4099 obviae
1036 4043 1059 4097 si
1086 4045 1211 4113 exemplo
1239 4060 1308 4111 opus
1334 4056 1386 4114 est,

182 4131 217 4183 cf.
237 4130 366 4200 Hesychii
385 4132 515 4188 θειώσώ.

255 4219 274 4284 ¹)
293 4218 407 4287 Aliquot
424 4217 546 4273 codicum
567 4220 756 4291 ὑπεμνήμυκε
775 4236 861 4288 prava
880 4219 960 4275 lectio
980 4227 1030 4287 eat,
1049 4219 1097 4274 sed
1116 4229 1161 4274 sat
1179 4226 1300 4290 vetusta3
1320 4238 1384 4277 nam

184 4305 247 4360 hinc
265 4304 387 4374 pendent
405 4307 536 4376 Hesychii
560 4310 695 4378 μνρμύει·
719 4311 919 4383 σκυθρωπαζει
942 4307 1053 4362 Lobeck
1080 4307 1167 4363 Elem.
1186 4309 1199 4360 I
1221 4314 1284 4377 141,
1307 4312 1384 4378 μνή-

183 4408 282 4463 passv·
315 4395 490 4460 ὑπόνιιήσσει
522 4395 741 4468 δυσχεραίνεται.
779 4393 873 4449 Utitur
903 4410 936 4451 ea
965 4394 1080 4464 Lennep
1112 4394 1160 4447 ὑπ’
1189 4394 1260 4464 ὄμμ’
1294 4399 1385 4465 dunas

185 4481 350 4537 coniectans.
