2940 5026
555 227 772 293 ..51-

57 417 170 485 attulit
193 417 246 484 vir
268 417 384 483 doctus
407 416 508 482 ullum
532 435 663 484 versum
694 436 757 498 quo
786 418 819 484 in
851 417 961 507 ὄγδαίη
991 425 1128 508 βοναθός
1158 429 1261 494 ἐννίια

58 529 135 589 cett.
175 521 322 588 secunda
359 520 487 603 syllaba
520 520 619 604 longa
653 539 726 587 esse
760 522 975 590 evinceretur.
1029 527 1142 608 Neque
1177 532 1262 597 enim

56 628 214 710 intellego
237 645 297 692 cur
319 626 456 691 Becbtel
479 628 560 691 ναίω
583 626 646 691 huc
668 628 818 695 traxerit.
860 629 969 695 Radix
991 637 1043 697 est
1067 642 1150 716 orcis
1170 635 1261 721 (sert.

57 733 187 818 secuti)
218 731 311 798 cuius
342 731 405 797 duo
437 730 627 812 praesentia
656 731 768 814 lingua
798 735 989 816 progenuit:
1021 734 1134 820 vni(f)o
1165 739 1261 826 (aeol.

58 839 145 904 ναίω
168 837 265 920 Hes.)
292 841 323 901 Φ
348 838 426 902 19ἵ;
456 837 537 901 ναίω
560 833 657 917 (odem
687 842 762 903 νᾶεν
785 838 909 904 Gallim.
933 841 964 905 h.
988 842 1084 908 Dian.
1109 845 1190 927 224;
1221 846 1261 912 of.

57 942 124 1009 κᾶω
157 940 287 1025 κλᾶωῬ)
327 971 349 996 =
388 943 488 1024 δέρωτ
524 942 629 1025 δείρω.
666 943 829 1025 ot's'vsifog,
865 943 1047 1030 *der-vesoc
1080 949 1167 1015 unde
1201 956 1261 1017 att.

58 1049 181 1127 αἰείνας.
228 1046 441 1113 Saeculorum
463 1047 494 1111 V
524 1046 572 1111 IV
595 1045 648 1111 III
679 1065 815 1126 quorum
838 1048 926 1115 tituli
948 1052 1113 1131 permulta
1139 1054 1263 1120 habent

58 1155 193 1241 βανηθός
228 1151 298 1217 side
328 1158 405 1217 cett.
437 1156 556 1233 poetae
587 1151 700 1233 procul
731 1151 828 1217 dubio
859 1154 1081 1235 productionis
1111 1159 1263 1240 exempla

58 1260 277 1342 porrigerent,
302 1259 331 1323 si
345 1258 379 1323 in
401 1257 453 1323 his
469 1256 598 1323 omnino
622 1255 722 1324 ullum
738 1259 908 1339 productio
931 1261 1037 1327 locum
1052 1263 1261 1351 habuisset.)

61 1364 162 1444 Atqui
182 1363 304 1429 desunt
326 1363 486 1444 exempla.
532 1363 625 1446 Quae
648 1381 721 1428 cum
747 1364 795 1429 ita
818 1365 893 1447 sint,
918 1385 1034 1448 pamm
1058 1374 1166 1435 tutum
1189 1388 1262 1435 esse

63 1644 172 1715 Aliquid
189 1653 265 1699 certe
283 1644 312 1698 in
331 1643 383 1698 hac
402 1657 493 1697 rerum
513 1639 671 1694 condicione
697 1656 789 1695 merae
812 1650 955 1711 poetarum
983 1645 1111 1700 licentiae
1139 1647 1261 1702 tribuen-

60 1732 123 1787 dum
143 1731 258 1788 ridetur.
294 1730 326 1784 ln
350 1730 384 1785 iis
409 1744 480 1799 quae
499 1729 538 1784 sic
555 1735 656 1795 poetae
674 1727 709 1782 ob
727 1731 809 1785 metri
826 1732 998 1787 commodum
1017 1734 1070 1789 sibi
1087 1735 1263 1791 indulserunt

59 1836 75 1874 a
94 1819 208 1887 linguae
227 1818 395 1873 auctoritate
414 1815 493 1885 quasi
512 1813 653 1880 destituti,
677 1814 783 1872 formas
807 1818 936 1886 volgares
959 1818 1152 1890 legitimasque
1177 1838 1192 1876 e
1211 1839 1261 1879 suo

58 1907 175 1963 arbitrio
193 1905 348 1974 paullulum
377 1903 411 1959 de
434 1901 639 1958 consuetudinis
662 1918 760 1962 norma
778 1908 807 1961 in
825 1923 904 1962 usum
923 1923 1001 1962 suum
1021 1906 1198 1964 deflectentes
1216 1910 1261 1979 (cf.

57 1993 132 2063 apud
151 1998 263 2048 nostros
281 1999 377 2061 poetas
404 2006 483 2045 usum
509 1990 669 2059 apostrophi
694 1990 930 2064 frequentiorem),
951 2017 961 2049 ι
984 1995 1104 2050 vocalem
1122 2013 1176 2052 uon
1195 2007 1262 2065 puto

56 2096 167 2151 semper
185 2096 250 2136 rere
269 2080 418 2148 demptam,
436 2077 587 2144 sedsaepe
605 2077 635 2130 in
654 2092 801 2132 consonam
815 2087 951 2135 mutatam
970 2097 1044 2149 esse3
1062 2098 1133 2151 quae
1151 2083 1262 2152 quidem

57 2170 177 2226 mutatio
196 2166 288 2223 effecit
305 2169 377 2222 inter
395 2164 514 2221 formam
526 2165 668 2232 volgarem
686 2166 827 2234 (παλαιός)
846 2173 874 2222 et
891 2169 1028 2235 poeticam
1048 2173 1186 2239 (uclm'o'c)
1205 2187 1262 2226 non

57 2256 128 2313 adeo
147 2272 279 2324 magnam
298 2253 513 2321 discrepantiam
532 2259 563 2307 ut
581 2253 610 2305 in
632 2251 787 2308 universum
807 2254 915 2307 aurium
933 2255 1032 2309 iudicio
1051 2264 1080 2309 et
1091 2270 1173 2311 sensu
1191 2272 1262 2311 com·

56 2348 133 2400 muni
151 2343 318 2413 displiceret.
355 2347 393 2398 At
417 2342 469 2396 hoc
494 2357 549 2396 non
575 2337 650 2395 cadit
673 2340 702 2393 in
720 2341 854 2396 sermonis
872 2341 1019 2396 cottidiani
1036 2343 1261 2399 consuetudinem

56 2450 141 2503 quarn
168 2431 348 2500 diphthongis
373 2431 522 2486 vetustiore
551 2443 620 2484 aero
645 2452 655 2480 ι
682 2413 805 2484 vocalem
829 2435 879 2483 aut
903 2429 1091 2497 incorruptam
1118 2430 1261 2501 reliquisse

56 2530 106 2578 sut
124 2530 212 2577 totam
231 2519 379 2589 exemisse,
404 2519 422 2572 i.
441 2535 464 2573 e.
484 2525 538 2601 aut,
552 2539 597 2582 αν,
618 2537 658 2579 ον,
679 2534 703 2569 ει
727 2522 777 2570 aut
796 2536 829 2578 α,
850 2535 874 2579 o,
895 2534 908 2569 ε
927 2515 1015 2580 (baud
1033 2532 1097 2572 raro
1115 2525 1262 2587 utrumque

56 2609 212 2678 promiscue
238 2607 267 2661 in
295 2606 382 2661 isdem
407 2605 562 2673 vocabulis3
587 2604 621 2661 ci.
640 2602 757 2658 similem
780 2611 892 2659 nostrae
915 2602 1027 2670 linguae
1045 2604 1261 2662 inconstantiam

56 2699 85 2753 in
104 2700 208 2768 deslipe,
232 2695 299 2748 Lilie
324 2703 382 2749 tum
408 2692 553 2764 bisyllabis
580 2700 639 2747 tum
667 2690 846 2760 trisyllabis),
872 2689 922 2745 sed
949 2706 1084 2760 nusquam
1112 2694 1153 2763 ej,
1180 2695 1217 2764 oj,
1236 2696 1262 2765 sj

57 2785 190 2854 probasse
208 2783 329 2837 arbitror
347 2778 430 2851 (adde
455 2779 529 2849 quod
546 2779 619 2833 inter
644 2786 695 2837 att.
721 2795 821 2836 nomen
845 2778 936 2836 ἐλάαν
954 2800 988 2826 >
1007 2779 1096 2835 ἐλάαν
1119 2789 1148 2836 et
1172 2781 1261 2836 intini-

56 2874 143 2928 tirum
160 2869 237 2926 verbi
261 2868 393 2925 homerici
417 2866 508 2923 ίλίᾶν
532 2866 730 2935 pronuntiandi
754 2867 900 2923 discrimen
925 2868 1033 2922 nullum
1058 2870 1261 2940 intercedebat;

56 2959 91 3015 ci.
111 2960 199 3015 iocum
217 2956 353 3025 Diogenis
371 2954 479 3010 Brandt
496 2954 572 3023 poca.
590 2971 633 3023 ep.
652 2954 737 3010 ludib.
756 2956 770 3010 Ι
791 2959 841 3020 lt).

127 3044 199 3114 Quid
217 3045 246 3099 in
269 3045 323 3099 hac
341 3058 371 3098 re
389 3043 442 3112 ipsi
461 3044 535 3098 vitae
554 3043 674 3097 sermoni
692 3042 888 3110 assignandum
908 3045 951 3114 sit,
970 3046 1036 3116 quid
1054 3046 1142 3113 poetis
1160 3048 1260 3102 condo·

56 3133 187 3203 nandum,
206 3132 377 3200 argumentis
395 3131 551 3187 discernere
569 3131 673 3199 nesei03
693 3131 810 3199 suspicio
829 3132 958 3200 proclivis
977 3140 1020 3188 est
1037 3141 1183 3202 poetarum
1201 3149 1261 3189 esse

56 3222 177 3277 rariores
194 3220 385 3287 correptiones
403 3219 479 3275 velut
496 3220 614 3290 γεραῑός
636 3218 703 3275 Eur.
722 3217 802 3273 Herc.
822 3217 874 3278 lur.
893 3227 945 3274 llo
970 3220 1015 3290 (cf.
1041 3228 1136 3276 tamen
1159 3224 1261 3295 yspco‘c

56 3307 155 3364 Kaibel
176 3312 242 3375 853,
263 3309 302 3375 1),
327 3308 420 3380 α’ρεοῖν
438 3306 455 3359 ἰ.
476 3321 500 3362 e.
519 3307 629 3379 ἅραῖιίν
653 3305 711 3363 ΔΡ.
735 3307 788 3362 VII
812 3313 872 3377 200,
901 3315 930 3376 3,
960 3307 1013 3364 ciet
1040 3311 1087 3362 Ar.
1113 3308 1177 3378 Lys.
1203 3314 1261 3365 tos.

59 3402 132 3450 llis.
151 3393 226 3448 Plnt.
246 3398 305 3447 903.
344 3394 511 3451 Coniectura
537 3408 594 3461 qua
619 3397 716 3459 poetas
743 3396 771 3449 in
797 3396 841 3451 his
865 3396 1003 3451 interdum
1030 3411 1128 3451 revera
1153 3397 1262 3451 aritae

56 3478 255 3538 consuetudine
279 3479 484 3547 aliquantulum
508 3480 655 3534 recessisse
680 3497 774 3537 sumus
796 3484 924 3551 assecuti,
942 3482 1122 3543 confirmatur
1140 3481 1261 3553 quadam

57 3581 137 3626 tenus
156 3586 174 3624 a
192 3568 355 3623 Rhinthone
373 3577 457 3636 poeta
475 3567 622 3634 (Voelclrer
641 3567 722 3637 frgm.
744 3575 769 3638 l;
789 3585 813 3627 r.
832 3570 945 3624 editoris
964 3579 1059 3626 notam
1078 3588 1104 3640 p.
1123 3572 1167 3640 49)

301 3658 333 3709 Α
355 3657 370 3710 ὁ
390 3656 421 3709 δὲ
443 3657 583 3715 Διόνυσος
603 3654 688 3715 αὐτὸς
708 3656 790 3722 ἐξώλη
810 3663 875 3722 θείη
894 3655 919 3708 σ’

302 3744 333 3797 Β.
352 3745 543 3803 Ἱππώνακτος
562 3741 593 3796 τὸ
613 3749 728 3817 μέτρον·
749 3748 781 3798 Α.
802 3744 889 3799 οὐδέν
906 3762 959 3814 μοι
977 3746 1059 3814 μέλει

55 3835 155 3903 quibus
173 3831 265 3886 verbis
285 3831 401 3886 sirecte
425 3831 551 3887 intellexi
575 3831 773 3900 perstringitur
796 3839 940 3900 poetarum
964 3845 1029 3885 usus
1047 3829 1094 3898 qui
1113 3828 1141 3881 in
1160 3829 1261 3882 senarii

55 3922 131 3977 exitu
149 3919 287 3974 rocabuls
306 3917 457 3974 admittunt
479 3919 578 3986 quibus
598 3949 628 3958 -
650 3923 760 3974 retenta
783 3918 891 3988 volgari
909 3933 1040 3973 mensura
1058 3946 1091 3954 -
1112 3915 1187 3971 locus
1206 3933 1262 3970 non

55 4018 97 4065 eat
115 4008 169 4063 nisi
187 4007 216 4061 in
241 4007 367 4063 clausula
385 4007 523 4062 scazomis
542 4008 576 4076 (c.
589 4021 631 4075 gr.
651 4008 773 4067 ίενλαιός
793 4005 828 4061 de
841 4022 894 4074 quo
913 4004 994 4060 modo
1015 4003 1086 4074 diri3
1105 4012 1262 4060 scazontem

55 4099 101 4167 qui
121 4097 180 4152 exit
198 4095 227 4148 iu
247 4097 400 4169 ῥαπισθείη
421 4095 537 4163 legimus
556 4094 675 4164 Hippon,
696 4092 776 4162 frgm.
795 4099 820 4161 b,
839 4094 874 4161 2).
911 4092 943 4146 V.
962 4092 1091 4148 bleineke
1110 4092 1182 4149 obul.
1205 4098 1262 4149 118.

128 4188 149 4251 ¹)
168 4186 248 4237 ἐλαία
274 4203 306 4229 >
333 4180 418 4247 ἐλάα,
450 4182 522 4251 quod
550 4190 649 4252 postea
676 4181 760 4234 etiam
787 4179 943 4248 corripitur.
982 4176 1024 4236 cf.
1052 4194 1123 4248 quse
1151 4187 1262 4249 praeter

56 4271 152 4343 Cynici
171 4269 274 4325 dictum
293 4270 348 4325 iam
373 4268 519 4326 laudatum
547 4269 642 4324 attulit
665 4267 793 4322 Meineke
817 4282 914 4322 comm.
933 4266 974 4320 Ill
1001 4273 1051 4322 503
1076 4266 1112 4323 ad
1137 4265 1262 4322 Alexidis

55 4360 135 4430 frgm.
156 4358 210 4413 inc.
229 4356 286 4412 sed
307 4364 330 4426 1,
349 4363 373 4413 3.

127 4452 147 4512 ¹)
167 4447 273 4501 Comma
304 4447 406 4505 arcad.
430 4443 504 4513 quod
528 4444 694 4499 vocabulum
715 4468 724 4498 ι
744 4460 779 4499 ex
796 4444 903 4512 origine
920 4443 1024 4499 habere
1042 4443 1155 4496 insitum
1174 4440 1217 4494 rel
1242 4447 1259 4491 α

54 4551 153 4604 purum
174 4533 264 4601 docet,
282 4533 400 4600 primam
419 4529 547 4599 producit
566 4531 723 4598 (Wecklein
742 4533 830 4586 Curso
849 4531 935 4600 epigr.
956 4534 1006 4598 tt.)

1046 4619 1090 4681 4*
