<?xml version="1.0" encoding="UTF-8"?>
<!DOCTYPE html PUBLIC "-//W3C//DTD XHTML 1.0 Transitional//EN"
    "http://www.w3.org/TR/xhtml1/DTD/xhtml1-transitional.dtd">
<html xmlns="http://www.w3.org/1999/xhtml" xml:lang="en" lang="en">
 <head>
  <title>
</title>
<meta http-equiv="Content-Type" content="text/html;charset=utf-8" />
  <meta name='ocr-system' content='tesseract 3.04.00' />
  <meta name='ocr-capabilities' content='ocr_page ocr_carea ocr_par ocr_line ocrx_word'/>
</head>
<body>
  <div class='ocr_page' id='page_1' title='image "./quaestionesepca00schugoog_0070.png"; bbox 0 0 2940 5026; ppageno 0'>
   <div class='ocr_carea' id='block_1_1' title="bbox 579 199 794 265">
    <p class='ocr_par' dir='ltr' id='par_1_1' title="bbox 579 199 794 265">
     <span class='ocr_line' id='line_1_1' title="bbox 579 199 794 265; baseline 0.005 -19"><span class='ocrx_word' id='word_1_1' title='bbox 579 199 794 265; x_wconf 72' lang='lat'>-57-</span> 
     </span>
    </p>
   </div>
   <div class='ocr_carea' id='block_1_2' title="bbox 81 357 1285 578">
    <p class='ocr_par' dir='ltr' id='par_1_2' title="bbox 81 357 1285 578">
     <span class='ocr_line' id='line_1_2' title="bbox 81 357 1285 472; baseline 0.007 -21"><span class='ocrx_word' id='word_1_2' title='bbox 81 386 209 454; x_wconf 83' lang='lat' dir='ltr'>Versus</span> <span class='ocrx_word' id='word_1_3' title='bbox 232 394 409 468; x_wconf 78' lang='lat' dir='ltr'>sequentes</span> <span class='ocrx_word' id='word_1_4' title='bbox 439 357 516 456; x_wconf 90' lang='lat' dir='ltr'>inde</span> <span class='ocrx_word' id='word_1_5' title='bbox 547 390 589 455; x_wconf 87' lang='lat' dir='ltr'>ab</span> <span class='ocrx_word' id='word_1_6' title='bbox 611 392 676 457; x_wconf 86' lang='grc'>458</span> <span class='ocrx_word' id='word_1_7' title='bbox 706 408 809 472; x_wconf 88' lang='lat' dir='ltr'>usque</span> <span class='ocrx_word' id='word_1_8' title='bbox 840 392 883 458; x_wconf 90' lang='lat' dir='ltr'>ad</span> <span class='ocrx_word' id='word_1_9' title='bbox 912 394 976 458; x_wconf 91' lang='grc'>462</span> <span class='ocrx_word' id='word_1_10' title='bbox 999 421 1022 448; x_wconf 94' lang='lat'>=</span> <span class='ocrx_word' id='word_1_11' title='bbox 1043 401 1079 461; x_wconf 84' lang='lat' dir='ltr'><em>A</em></span> <span class='ocrx_word' id='word_1_12' title='bbox 1100 397 1285 462; x_wconf 85' lang='grc'>461-465.</span> 
     </span>
     <span class='ocr_line' id='line_1_3' title="bbox 81 495 396 578; baseline 0 -19"><span class='ocrx_word' id='word_1_13' title='bbox 81 521 101 578; x_wconf 80' lang='lat' dir='ltr'><em>y</em></span> <span class='ocrx_word' id='word_1_14' title='bbox 122 495 190 559; x_wconf 83' lang='grc'>463</span> <span class='ocrx_word' id='word_1_15' title='bbox 213 528 238 543; x_wconf 58' lang='grc' dir='ltr'>ν</span> <span class='ocrx_word' id='word_1_16' title='bbox 260 499 299 560; x_wconf 82' lang='grc' dir='ltr'><em>Α</em></span> <span class='ocrx_word' id='word_1_17' title='bbox 321 496 396 560; x_wconf 87' lang='grc'>466.</span> 
     </span>
    </p>
   </div>
   <div class='ocr_carea' id='block_1_3' title="bbox 168 595 1142 950">
    <p class='ocr_par' dir='ltr' id='par_1_3' title="bbox 168 595 1142 950">
     <span class='ocr_line' id='line_1_4' title="bbox 168 595 994 681; baseline 0.004 -19"><span class='ocrx_word' id='word_1_18' title='bbox 168 595 353 663; x_wconf 88' lang='lat' dir='ltr'>Adeundns</span> <span class='ocrx_word' id='word_1_19' title='bbox 377 600 553 678; x_wconf 84' lang='lat' dir='ltr'>praeterea</span> <span class='ocrx_word' id='word_1_20' title='bbox 576 596 660 664; x_wconf 89' lang='lat' dir='ltr'>alius</span> <span class='ocrx_word' id='word_1_21' title='bbox 683 599 773 666; x_wconf 90' lang='lat' dir='ltr'>locus</span> <span class='ocrx_word' id='word_1_22' title='bbox 797 607 812 678; x_wconf 78' lang='grc' dir='ltr'>’ξ</span> <span class='ocrx_word' id='word_1_23' title='bbox 836 601 902 666; x_wconf 87' lang='grc'>425</span> <span class='ocrx_word' id='word_1_24' title='bbox 926 617 994 681; x_wconf 86' lang='lat' dir='ltr'><strong>sqq.</strong></span> 
     </span>
     <span class='ocr_line' id='line_1_5' title="bbox 293 699 1088 777; baseline 0.008 -23"><span class='ocrx_word' id='word_1_25' title='bbox 293 699 368 769; x_wconf 81' lang='grc' dir='ltr'><em>κόψε</em></span> <span class='ocrx_word' id='word_1_26' title='bbox 388 700 414 753; x_wconf 77' lang='grc' dir='ltr'>δ’</span> <span class='ocrx_word' id='word_1_27' title='bbox 432 703 632 773; x_wconf 67' lang='grc' dir='ltr'><em>ανασχόμινος</em></span> <span class='ocrx_word' id='word_1_28' title='bbox 651 706 726 776; x_wconf 76' lang='grc' dir='ltr'><em>σχίζῃ</em></span> <span class='ocrx_word' id='word_1_29' title='bbox 747 702 840 777; x_wconf 79' lang='grc' dir='ltr'>δρυός,</span> <span class='ocrx_word' id='word_1_30' title='bbox 859 703 893 770; x_wconf 72' lang='grc' dir='ltr'><em>ἢν</em></span> <span class='ocrx_word' id='word_1_31' title='bbox 911 708 975 760; x_wconf 87' lang='grc' dir='ltr'><em>λίττε</em></span> <span class='ocrx_word' id='word_1_32' title='bbox 995 712 1088 760; x_wconf 84' lang='grc' dir='ltr'><em>κείων·</em></span> 
     </span>
     <span class='ocr_line' id='line_1_6' title="bbox 296 783 1078 861; baseline 0.01 -22"><span class='ocrx_word' id='word_1_33' title='bbox 296 789 347 842; x_wconf 88' lang='grc' dir='ltr'><em>τὸν</em></span> <span class='ocrx_word' id='word_1_34' title='bbox 366 787 392 840; x_wconf 78' lang='grc' dir='ltr'>δ’</span> <span class='ocrx_word' id='word_1_35' title='bbox 411 791 489 844; x_wconf 72' lang='grc' dir='ltr'><em>ἔλιπε</em></span> <span class='ocrx_word' id='word_1_36' title='bbox 509 792 592 860; x_wconf 71' lang='grc' dir='ltr'><em>ψυχή·</em></span> <span class='ocrx_word' id='word_1_37' title='bbox 613 796 656 844; x_wconf 86' lang='grc' dir='ltr'>τοὶ</span> <span class='ocrx_word' id='word_1_38' title='bbox 677 790 702 843; x_wconf 78' lang='grc' dir='ltr'>δ’</span> <span class='ocrx_word' id='word_1_39' title='bbox 721 791 849 861; x_wconf 73' lang='grc' dir='ltr'><em>ἔσφαξαν</em></span> <span class='ocrx_word' id='word_1_40' title='bbox 867 811 895 847; x_wconf 79' lang='grc' dir='ltr'>τε</span> <span class='ocrx_word' id='word_1_41' title='bbox 916 798 963 846; x_wconf 79' lang='grc' dir='ltr'>καὶ</span> <span class='ocrx_word' id='word_1_42' title='bbox 983 783 1078 848; x_wconf 74' lang='grc' dir='ltr'><em>εὗσαν.</em></span> 
     </span>
     <span class='ocr_line' id='line_1_7' title="bbox 294 875 1142 950; baseline 0.009 -23"><span class='ocrx_word' id='word_1_43' title='bbox 294 875 369 943; x_wconf 70' lang='grc' dir='ltr'><em>αἶψα</em></span> <span class='ocrx_word' id='word_1_44' title='bbox 389 876 420 930; x_wconf 79' lang='grc' dir='ltr'>δέ</span> <span class='ocrx_word' id='word_1_45' title='bbox 438 897 491 947; x_wconf 87' lang='grc' dir='ltr'><em>μιν</em></span> <span class='ocrx_word' id='word_1_46' title='bbox 510 878 649 948; x_wconf 74' lang='grc' dir='ltr'><em>διέχευαν.</em></span> <span class='ocrx_word' id='word_1_47' title='bbox 669 875 685 932; x_wconf 77' lang='grc' dir='ltr'><strong><em>ὃ</em></strong></span> <span class='ocrx_word' id='word_1_48' title='bbox 705 878 731 931; x_wconf 77' lang='lat'>‹5&#39;</span> <span class='ocrx_word' id='word_1_49' title='bbox 750 880 925 949; x_wconf 69' lang='grc' dir='ltr'><em>ὠμοθετεῖτο</em></span> <span class='ocrx_word' id='word_1_50' title='bbox 944 881 1068 950; x_wconf 74' lang='grc' dir='ltr'><em>συβώτης</em></span> <span class='ocrx_word' id='word_1_51' title='bbox 1087 884 1142 935; x_wconf 91' lang='grc' dir='ltr'><em>κτλ.</em></span> 
     </span>
    </p>
   </div>
   <div class='ocr_carea' id='block_1_4' title="bbox 76 964 1321 2937">
    <p class='ocr_par' dir='ltr' id='par_1_4' title="bbox 79 964 557 1051">
     <span class='ocr_line' id='line_1_8' title="bbox 79 964 557 1051; baseline -0.002 -21"><span class='ocrx_word' id='word_1_52' title='bbox 79 972 95 1042; x_wconf 81' lang='grc' dir='ltr'><strong>ξ</strong></span> <span class='ocrx_word' id='word_1_53' title='bbox 118 967 187 1031; x_wconf 88' lang='grc'>430</span> <span class='ocrx_word' id='word_1_54' title='bbox 211 983 259 1045; x_wconf 92' lang='lat' dir='ltr'>sq.</span> <span class='ocrx_word' id='word_1_55' title='bbox 283 992 305 1018; x_wconf 94' lang='lat'>=</span> <span class='ocrx_word' id='word_1_56' title='bbox 327 970 364 1031; x_wconf 90' lang='lat' dir='ltr'><em>A</em></span> <span class='ocrx_word' id='word_1_57' title='bbox 385 964 450 1030; x_wconf 86' lang='grc'>465</span> <span class='ocrx_word' id='word_1_58' title='bbox 474 983 522 1045; x_wconf 91' lang='lat' dir='ltr'>sq.</span> <span class='ocrx_word' id='word_1_59' title='bbox 532 964 557 1051; x_wconf 88' lang='lat'>¹)</span> 
     </span>
    </p>

    <p class='ocr_par' dir='ltr' id='par_1_5' title="bbox 76 1068 1321 2937">
     <span class='ocr_line' id='line_1_9' title="bbox 169 1068 1284 1159; baseline 0.004 -23"><span class='ocrx_word' id='word_1_60' title='bbox 169 1068 309 1157; x_wconf 78' lang='grc' dir='ltr'><em>σφάζειν</em></span> <span class='ocrx_word' id='word_1_61' title='bbox 332 1074 384 1134; x_wconf 79' lang='lat' dir='ltr'>esi</span> <span class='ocrx_word' id='word_1_62' title='bbox 412 1072 538 1151; x_wconf 75' lang='lat' dir='ltr'>‘guitur</span> <span class='ocrx_word' id='word_1_63' title='bbox 567 1070 760 1154; x_wconf 82' lang='lat' dir='ltr'>perfodere&#39;,</span> <span class='ocrx_word' id='word_1_64' title='bbox 784 1071 804 1136; x_wconf 93' lang='lat' dir='ltr'>i.</span> <span class='ocrx_word' id='word_1_65' title='bbox 829 1092 859 1153; x_wconf 85' lang='lat' dir='ltr'>q.</span> <span class='ocrx_word' id='word_1_66' title='bbox 891 1070 1159 1159; x_wconf 81' lang='grc' dir='ltr'><em>α’ττοδειροτομεῖν</em></span> <span class='ocrx_word' id='word_1_67' title='bbox 1189 1083 1218 1153; x_wconf 84' lang='grc' dir='ltr'>(λ</span> <span class='ocrx_word' id='word_1_68' title='bbox 1242 1077 1284 1141; x_wconf 81' lang='lat'>35</span> 
     </span>
     <span class='ocr_line' id='line_1_10' title="bbox 80 1170 1283 1266; baseline 0.005 -26"><span class='ocrx_word' id='word_1_69' title='bbox 80 1175 151 1241; x_wconf 79' lang='lat' dir='ltr'>coll.</span> <span class='ocrx_word' id='word_1_70' title='bbox 169 1174 229 1260; x_wconf 79' lang='lat'>45)</span> <span class='ocrx_word' id='word_1_71' title='bbox 253 1193 280 1240; x_wconf 83' lang='lat' dir='ltr'>s.</span> <span class='ocrx_word' id='word_1_72' title='bbox 305 1170 369 1239; x_wconf 77' lang='grc' dir='ltr'>ἀπὸ</span> <span class='ocrx_word' id='word_1_73' title='bbox 394 1173 562 1260; x_wconf 78' lang='grc' dir='ltr'><em>στόμαχον</em></span> <span class='ocrx_word' id='word_1_74' title='bbox 586 1177 730 1258; x_wconf 54' lang='grc' dir='ltr'><em>ταμιῖνῖ)</em></span> <span class='ocrx_word' id='word_1_75' title='bbox 753 1181 797 1256; x_wconf 87' lang='grc' dir='ltr'>(Γ</span> <span class='ocrx_word' id='word_1_76' title='bbox 807 1179 880 1244; x_wconf 77' lang='grc'>292.</span> <span class='ocrx_word' id='word_1_77' title='bbox 910 1186 939 1244; x_wconf 87' lang='grc' dir='ltr'><em>Τ</em></span> <span class='ocrx_word' id='word_1_78' title='bbox 957 1181 1052 1266; x_wconf 82' lang='lat'>266);</span> <span class='ocrx_word' id='word_1_79' title='bbox 1081 1180 1168 1263; x_wconf 86' lang='lat' dir='ltr'>quod</span> <span class='ocrx_word' id='word_1_80' title='bbox 1192 1185 1283 1246; x_wconf 83' lang='lat' dir='ltr'>ante-</span> 
     </span>
     <span class='ocr_line' id='line_1_11' title="bbox 81 1279 1282 1366; baseline 0.005 -20"><span class='ocrx_word' id='word_1_81' title='bbox 81 1300 179 1361; x_wconf 92' lang='lat' dir='ltr'>quam</span> <span class='ocrx_word' id='word_1_82' title='bbox 204 1318 245 1326; x_wconf 96' lang='lat'>-</span> <span class='ocrx_word' id='word_1_83' title='bbox 269 1279 302 1345; x_wconf 94' lang='lat' dir='ltr'>in</span> <span class='ocrx_word' id='word_1_84' title='bbox 326 1280 411 1346; x_wconf 89' lang='lat' dir='ltr'>bove</span> <span class='ocrx_word' id='word_1_85' title='bbox 434 1283 524 1345; x_wconf 83' lang='lat' dir='ltr'>certe</span> <span class='ocrx_word' id='word_1_86' title='bbox 549 1319 588 1326; x_wconf 96' lang='lat'>—</span> <span class='ocrx_word' id='word_1_87' title='bbox 613 1280 765 1363; x_wconf 85' lang='lat' dir='ltr'>expedite</span> <span class='ocrx_word' id='word_1_88' title='bbox 787 1283 974 1363; x_wconf 86' lang='lat' dir='ltr'>perpetrari</span> <span class='ocrx_word' id='word_1_89' title='bbox 996 1290 1118 1366; x_wconf 86' lang='lat' dir='ltr'>posset,</span> <span class='ocrx_word' id='word_1_90' title='bbox 1142 1286 1282 1352; x_wconf 82' lang='lat' dir='ltr'><strong>hostiam</strong></span> 
     </span>
     <span class='ocr_line' id='line_1_12' title="bbox 84 1381 1284 1474; baseline 0.007 -23"><span class='ocrx_word' id='word_1_91' title='bbox 84 1385 177 1468; x_wconf 82' lang='lat' dir='ltr'>graui</span> <span class='ocrx_word' id='word_1_92' title='bbox 208 1385 278 1450; x_wconf 87' lang='lat' dir='ltr'>ictu</span> <span class='ocrx_word' id='word_1_93' title='bbox 312 1381 538 1465; x_wconf 78' lang='lat' dir='ltr'>qualicumque</span> <span class='ocrx_word' id='word_1_94' title='bbox 572 1382 663 1450; x_wconf 84' lang='lat' dir='ltr'>feriri</span> <span class='ocrx_word' id='word_1_95' title='bbox 696 1384 809 1466; x_wconf 86' lang='lat' dir='ltr'>itaque</span> <span class='ocrx_word' id='word_1_96' title='bbox 851 1393 910 1452; x_wconf 89' lang='lat' dir='ltr'>aut</span> <span class='ocrx_word' id='word_1_97' title='bbox 945 1390 1057 1455; x_wconf 80' lang='lat' dir='ltr'>necari</span> <span class='ocrx_word' id='word_1_98' title='bbox 1095 1398 1154 1457; x_wconf 87' lang='lat' dir='ltr'>aut</span> <span class='ocrx_word' id='word_1_99' title='bbox 1183 1392 1284 1474; x_wconf 87' lang='lat' dir='ltr'>sopiri</span> 
     </span>
     <span class='ocr_line' id='line_1_13' title="bbox 87 1487 1281 1576; baseline 0.006 -21"><span class='ocrx_word' id='word_1_100' title='bbox 87 1497 196 1567; x_wconf 73' lang='grc' dir='ltr'><em>(λῦσαι</em></span> <span class='ocrx_word' id='word_1_101' title='bbox 216 1487 291 1571; x_wconf 79' lang='grc' dir='ltr'><strong><em>βοὸς</em></strong></span> <span class='ocrx_word' id='word_1_102' title='bbox 313 1489 409 1572; x_wconf 81' lang='grc' dir='ltr'><em>μένος</em></span> <span class='ocrx_word' id='word_1_103' title='bbox 432 1515 451 1572; x_wconf 85' lang='lat' dir='ltr'><em>y</em></span> <span class='ocrx_word' id='word_1_104' title='bbox 473 1489 539 1555; x_wconf 89' lang='grc'>450</span> <span class='ocrx_word' id='word_1_105' title='bbox 562 1489 633 1555; x_wconf 88' lang='lat' dir='ltr'>coll.</span> <span class='ocrx_word' id='word_1_106' title='bbox 656 1489 737 1576; x_wconf 91' lang='grc'>455)</span> <span class='ocrx_word' id='word_1_107' title='bbox 761 1490 915 1571; x_wconf 88' lang='lat' dir='ltr'>oportuit.</span> <span class='ocrx_word' id='word_1_108' title='bbox 954 1492 1081 1559; x_wconf 87' lang='lat' dir='ltr'>Deinde</span> <span class='ocrx_word' id='word_1_109' title='bbox 1105 1495 1160 1576; x_wconf 88' lang='lat' dir='ltr'>qui</span> <span class='ocrx_word' id='word_1_110' title='bbox 1182 1496 1281 1561; x_wconf 90' lang='lat' dir='ltr'>sacri·</span> 
     </span>
     <span class='ocr_line' id='line_1_14' title="bbox 85 1589 1282 1687; baseline 0.004 -26"><span class='ocrx_word' id='word_1_111' title='bbox 85 1594 194 1662; x_wconf 88' lang='lat' dir='ltr'>ficanti</span> <span class='ocrx_word' id='word_1_112' title='bbox 215 1600 348 1677; x_wconf 86' lang='lat' dir='ltr'>praesto</span> <span class='ocrx_word' id='word_1_113' title='bbox 372 1597 469 1659; x_wconf 88' lang='lat' dir='ltr'>erant</span> <span class='ocrx_word' id='word_1_114' title='bbox 483 1593 636 1661; x_wconf 84' lang='lat' dir='ltr'>victimae</span> <span class='ocrx_word' id='word_1_115' title='bbox 658 1595 725 1661; x_wconf 88' lang='lat' dir='ltr'>ictu</span> <span class='ocrx_word' id='word_1_116' title='bbox 741 1589 1037 1684; x_wconf 60' lang='grc' dir='ltr'><em>’καταβληοείσηςῆ</em></span> <span class='ocrx_word' id='word_1_117' title='bbox 1061 1617 1086 1663; x_wconf 88' lang='lat' dir='ltr'>s.</span> <span class='ocrx_word' id='word_1_118' title='bbox 1108 1598 1282 1687; x_wconf 58' lang='grc' dir='ltr'>ἑρπούσης</span> 
     </span>
     <span class='ocr_line' id='line_1_15' title="bbox 82 1701 1281 1787; baseline 0.003 -19"><span class='ocrx_word' id='word_1_119' title='bbox 82 1702 124 1787; x_wconf 83' lang='grc' dir='ltr'>(Ρ</span> <span class='ocrx_word' id='word_1_120' title='bbox 149 1702 230 1787; x_wconf 90' lang='grc'>522)</span> <span class='ocrx_word' id='word_1_121' title='bbox 264 1701 292 1767; x_wconf 90' lang='lat' dir='ltr'>si</span> <span class='ocrx_word' id='word_1_122' title='bbox 321 1719 387 1767; x_wconf 96' lang='lat' dir='ltr'>non</span> <span class='ocrx_word' id='word_1_123' title='bbox 420 1704 526 1765; x_wconf 87' lang='lat' dir='ltr'>totum</span> <span class='ocrx_word' id='word_1_124' title='bbox 560 1718 695 1782; x_wconf 87' lang='lat' dir='ltr'>corpus,</span> <span class='ocrx_word' id='word_1_125' title='bbox 730 1705 766 1766; x_wconf 87' lang='lat' dir='ltr'>at</span> <span class='ocrx_word' id='word_1_126' title='bbox 800 1705 889 1766; x_wconf 86' lang='lat' dir='ltr'>certe</span> <span class='ocrx_word' id='word_1_127' title='bbox 924 1703 1121 1770; x_wconf 89' lang='lat' dir='ltr'>anteriorem</span> <span class='ocrx_word' id='word_1_128' title='bbox 1153 1709 1281 1787; x_wconf 88' lang='lat' dir='ltr'>partem</span> 
     </span>
     <span class='ocr_line' id='line_1_16' title="bbox 80 1803 1280 1893; baseline 0.005 -22"><span class='ocrx_word' id='word_1_129' title='bbox 80 1810 182 1887; x_wconf 88' lang='lat' dir='ltr'>caput</span> <span class='ocrx_word' id='word_1_130' title='bbox 204 1803 387 1885; x_wconf 88' lang='lat' dir='ltr'>collumque</span> <span class='ocrx_word' id='word_1_131' title='bbox 411 1823 432 1870; x_wconf 90' lang='lat' dir='ltr'>a</span> <span class='ocrx_word' id='word_1_132' title='bbox 454 1803 524 1870; x_wconf 92' lang='lat' dir='ltr'>solo</span> <span class='ocrx_word' id='word_1_133' title='bbox 555 1803 688 1872; x_wconf 87' lang='lat' dir='ltr'>elevata</span> <span class='ocrx_word' id='word_1_134' title='bbox 717 1808 966 1890; x_wconf 86' lang='lat' dir='ltr'>sustentabant,</span> <span class='ocrx_word' id='word_1_135' title='bbox 997 1813 1034 1874; x_wconf 87' lang='lat' dir='ltr'>nt</span> <span class='ocrx_word' id='word_1_136' title='bbox 1063 1814 1178 1893; x_wconf 85' lang='lat' dir='ltr'>guttur</span> <span class='ocrx_word' id='word_1_137' title='bbox 1208 1829 1280 1893; x_wconf 89' lang='lat' dir='ltr'>per-</span> 
     </span>
     <span class='ocr_line' id='line_1_17' title="bbox 79 1908 1279 1996; baseline 0.004 -20"><span class='ocrx_word' id='word_1_138' title='bbox 79 1910 257 1976; x_wconf 81' lang='lat' dir='ltr'>foderetur.</span> <span class='ocrx_word' id='word_1_139' title='bbox 303 1909 391 1991; x_wconf 89' lang='lat' dir='ltr'>Hoc,</span> <span class='ocrx_word' id='word_1_140' title='bbox 424 1915 462 1975; x_wconf 89' lang='lat' dir='ltr'>ut</span> <span class='ocrx_word' id='word_1_141' title='bbox 490 1908 599 1976; x_wconf 88' lang='lat' dir='ltr'>hostia</span> <span class='ocrx_word' id='word_1_142' title='bbox 627 1909 783 1992; x_wconf 83' lang='lat' dir='ltr'>feriatur,</span> <span class='ocrx_word' id='word_1_143' title='bbox 811 1912 959 1994; x_wconf 87' lang='lat' dir='ltr'>postulat</span> <span class='ocrx_word' id='word_1_144' title='bbox 985 1911 1034 1978; x_wconf 88' lang='lat' dir='ltr'>rei</span> <span class='ocrx_word' id='word_1_145' title='bbox 1057 1913 1279 1996; x_wconf 75' lang='lat' dir='ltr'>commoditas</span> 
     </span>
     <span class='ocr_line' id='line_1_18' title="bbox 79 2011 1278 2095; baseline 0.004 -16"><span class='ocrx_word' id='word_1_146' title='bbox 79 2013 107 2079; x_wconf 91' lang='lat' dir='ltr'>si</span> <span class='ocrx_word' id='word_1_147' title='bbox 129 2012 262 2095; x_wconf 86' lang='lat' dir='ltr'>quidam</span> <span class='ocrx_word' id='word_1_148' title='bbox 285 2011 478 2082; x_wconf 85' lang='lat' dir='ltr'>sacrificium</span> <span class='ocrx_word' id='word_1_149' title='bbox 502 2013 572 2081; x_wconf 91' lang='lat' dir='ltr'>siue</span> <span class='ocrx_word' id='word_1_150' title='bbox 599 2014 828 2082; x_wconf 86' lang='lat' dir='ltr'>molestissime</span> <span class='ocrx_word' id='word_1_151' title='bbox 850 2016 944 2084; x_wconf 89' lang='lat' dir='ltr'>bovis</span> <span class='ocrx_word' id='word_1_152' title='bbox 971 2016 1173 2084; x_wconf 80' lang='lat' dir='ltr'>calcitrantis</span> <span class='ocrx_word' id='word_1_153' title='bbox 1195 2019 1278 2084; x_wconf 86' lang='lat' dir='ltr'>relu-</span> 
     </span>
     <span class='ocr_line' id='line_1_19' title="bbox 78 2117 1321 2203; baseline 0.006 -19"><span class='ocrx_word' id='word_1_154' title='bbox 78 2117 224 2184; x_wconf 87' lang='lat' dir='ltr'>ctatione</span> <span class='ocrx_word' id='word_1_155' title='bbox 239 2122 409 2199; x_wconf 89' lang='lat' dir='ltr'>peractum</span> <span class='ocrx_word' id='word_1_156' title='bbox 432 2118 562 2201; x_wconf 85' lang='lat' dir='ltr'>volunt;</span> <span class='ocrx_word' id='word_1_157' title='bbox 585 2118 666 2185; x_wconf 90' lang='lat' dir='ltr'>illud</span> <span class='ocrx_word' id='word_1_158' title='bbox 681 2125 805 2203; x_wconf 84' lang='lat' dir='ltr'>contra,</span> <span class='ocrx_word' id='word_1_159' title='bbox 830 2126 931 2203; x_wconf 86' lang='lat' dir='ltr'>caput</span> <span class='ocrx_word' id='word_1_160' title='bbox 954 2127 988 2188; x_wconf 87' lang='lat' dir='ltr'>et</span> <span class='ocrx_word' id='word_1_161' title='bbox 1011 2122 1128 2189; x_wconf 90' lang='lat' dir='ltr'>collum</span> <span class='ocrx_word' id='word_1_162' title='bbox 1151 2141 1280 2190; x_wconf 86' lang='lat' dir='ltr'>sursum</span> <span class='ocrx_word' id='word_1_163' title='bbox 1319 2136 1321 2140; x_wconf 85' lang='grc'><strong><em>·</em></strong></span> 
     </span>
     <span class='ocr_line' id='line_1_20' title="bbox 78 2222 1279 2308; baseline 0.003 -19"><span class='ocrx_word' id='word_1_164' title='bbox 78 2223 159 2304; x_wconf 82' lang='lat' dir='ltr'>tolli,</span> <span class='ocrx_word' id='word_1_165' title='bbox 183 2222 275 2289; x_wconf 87' lang='lat' dir='ltr'>iubet</span> <span class='ocrx_word' id='word_1_166' title='bbox 297 2228 332 2288; x_wconf 87' lang='lat' dir='ltr'>et</span> <span class='ocrx_word' id='word_1_167' title='bbox 353 2223 479 2307; x_wconf 84' lang='lat' dir='ltr'>relligio</span> <span class='ocrx_word' id='word_1_168' title='bbox 501 2223 535 2289; x_wconf 95' lang='lat' dir='ltr'>in</span> <span class='ocrx_word' id='word_1_169' title='bbox 558 2223 661 2290; x_wconf 85' lang='lat' dir='ltr'>sacris</span> <span class='ocrx_word' id='word_1_170' title='bbox 677 2243 761 2306; x_wconf 90' lang='lat' dir='ltr'>quae</span> <span class='ocrx_word' id='word_1_171' title='bbox 785 2225 828 2291; x_wconf 91' lang='lat' dir='ltr'>ad</span> <span class='ocrx_word' id='word_1_172' title='bbox 848 2225 927 2291; x_wconf 91' lang='lat' dir='ltr'>deos</span> <span class='ocrx_word' id='word_1_173' title='bbox 951 2244 1087 2308; x_wconf 88' lang='lat' dir='ltr'>superos</span> <span class='ocrx_word' id='word_1_174' title='bbox 1103 2226 1279 2308; x_wconf 81' lang='lat' dir='ltr'>portinent.</span> 
     </span>
     <span class='ocr_line' id='line_1_21' title="bbox 78 2326 1278 2412; baseline 0.003 -19"><span class='ocrx_word' id='word_1_175' title='bbox 78 2326 317 2395; x_wconf 81' lang='lat' dir='ltr'>Sacrificiorum</span> <span class='ocrx_word' id='word_1_176' title='bbox 340 2328 425 2396; x_wconf 92' lang='lat' dir='ltr'>enim</span> <span class='ocrx_word' id='word_1_177' title='bbox 448 2329 531 2396; x_wconf 86' lang='lat' dir='ltr'>ritus</span> <span class='ocrx_word' id='word_1_178' title='bbox 554 2346 654 2409; x_wconf 87' lang='lat' dir='ltr'>saepe</span> <span class='ocrx_word' id='word_1_179' title='bbox 675 2327 816 2409; x_wconf 88' lang='lat' dir='ltr'>quadam</span> <span class='ocrx_word' id='word_1_180' title='bbox 840 2329 1018 2412; x_wconf 87' lang='lat' dir='ltr'>symbolica</span> <span class='ocrx_word' id='word_1_181' title='bbox 1033 2330 1161 2396; x_wconf 89' lang='lat' dir='ltr'>ratione</span> <span class='ocrx_word' id='word_1_182' title='bbox 1184 2336 1278 2397; x_wconf 91' lang='lat' dir='ltr'>natu·</span> 
     </span>
     <span class='ocr_line' id='line_1_22' title="bbox 77 2431 1280 2515; baseline 0 -17"><span class='ocrx_word' id='word_1_183' title='bbox 77 2452 148 2498; x_wconf 85' lang='lat' dir='ltr'>ram</span> <span class='ocrx_word' id='word_1_184' title='bbox 172 2433 308 2500; x_wconf 91' lang='lat' dir='ltr'>deorum</span> <span class='ocrx_word' id='word_1_185' title='bbox 330 2433 363 2499; x_wconf 92' lang='lat' dir='ltr'>in</span> <span class='ocrx_word' id='word_1_186' title='bbox 388 2453 524 2515; x_wconf 89' lang='lat' dir='ltr'>quorum</span> <span class='ocrx_word' id='word_1_187' title='bbox 553 2434 709 2500; x_wconf 84' lang='lat' dir='ltr'>honoram</span> <span class='ocrx_word' id='word_1_188' title='bbox 732 2431 949 2499; x_wconf 87' lang='lat' dir='ltr'>instituuntur</span> <span class='ocrx_word' id='word_1_189' title='bbox 972 2437 1133 2514; x_wconf 85' lang='lat' dir='ltr'>spectant.</span> <span class='ocrx_word' id='word_1_190' title='bbox 1179 2433 1280 2498; x_wconf 89' lang='lat' dir='ltr'>Velut</span> 
     </span>
     <span class='ocr_line' id='line_1_23' title="bbox 78 2536 1277 2621; baseline 0.002 -18"><span class='ocrx_word' id='word_1_191' title='bbox 78 2536 128 2603; x_wconf 90' lang='lat' dir='ltr'>dis</span> <span class='ocrx_word' id='word_1_192' title='bbox 159 2537 305 2603; x_wconf 89' lang='lat' dir='ltr'>mascula</span> <span class='ocrx_word' id='word_1_193' title='bbox 336 2538 507 2621; x_wconf 83' lang='lat' dir='ltr'>animalia,</span> <span class='ocrx_word' id='word_1_194' title='bbox 539 2538 663 2604; x_wconf 88' lang='lat' dir='ltr'>deabus</span> <span class='ocrx_word' id='word_1_195' title='bbox 692 2537 818 2604; x_wconf 89' lang='lat' dir='ltr'>hostias</span> <span class='ocrx_word' id='word_1_196' title='bbox 849 2537 965 2604; x_wconf 85' lang='lat' dir='ltr'>offerre</span> <span class='ocrx_word' id='word_1_197' title='bbox 989 2542 1102 2604; x_wconf 89' lang='lat' dir='ltr'>amant</span> <span class='ocrx_word' id='word_1_198' title='bbox 1128 2537 1277 2619; x_wconf 76' lang='lat' dir='ltr'>serinac,</span> 
     </span>
     <span class='ocr_line' id='line_1_24' title="bbox 77 2640 1279 2732; baseline 0.001 -24"><span class='ocrx_word' id='word_1_199' title='bbox 77 2642 226 2708; x_wconf 74' lang='lat' dir='ltr'>Hecatae</span> <span class='ocrx_word' id='word_1_200' title='bbox 262 2641 430 2732; x_wconf 78' lang='grc' dir='ltr'><em>τριμόρφῳ</em></span> <span class='ocrx_word' id='word_1_201' title='bbox 461 2645 609 2729; x_wconf 74' lang='grc' dir='ltr'><em>τρίγλας,</em></span> <span class='ocrx_word' id='word_1_202' title='bbox 644 2641 766 2725; x_wconf 79' lang='lat' dir='ltr'>Priapo</span> <span class='ocrx_word' id='word_1_203' title='bbox 794 2640 1013 2726; x_wconf 74' lang='lat' dir='ltr'>Lampsaceni</span> <span class='ocrx_word' id='word_1_204' title='bbox 1047 2642 1173 2724; x_wconf 77' lang='lat' dir='ltr'>asinosl,</span> <span class='ocrx_word' id='word_1_205' title='bbox 1210 2656 1279 2722; x_wconf 82' lang='grc' dir='ltr'><em>τοῖς</em></span> 
     </span>
     <span class='ocr_line' id='line_1_25' title="bbox 77 2748 1278 2832; baseline 0.002 -20"><span class='ocrx_word' id='word_1_206' title='bbox 77 2748 268 2825; x_wconf 58' lang='lat' dir='ltr'>innodatus</span> <span class='ocrx_word' id='word_1_207' title='bbox 299 2754 409 2815; x_wconf 74' lang='lat' dir='ltr'>autem</span> <span class='ocrx_word' id='word_1_208' title='bbox 440 2750 634 2832; x_wconf 82' lang='grc' dir='ltr'><em>παμμέλανα</em></span> <span class='ocrx_word' id='word_1_209' title='bbox 665 2767 690 2815; x_wconf 88' lang='lat' dir='ltr'>s.</span> <span class='ocrx_word' id='word_1_210' title='bbox 722 2748 853 2814; x_wconf 74' lang='grc' dir='ltr'><em>κελαιναί</em></span> <span class='ocrx_word' id='word_1_211' title='bbox 884 2756 913 2827; x_wconf 90' lang='grc' dir='ltr'><em>(κ</em></span> <span class='ocrx_word' id='word_1_212' title='bbox 939 2749 1014 2814; x_wconf 71' lang='lat'>525.</span> <span class='ocrx_word' id='word_1_213' title='bbox 1046 2749 1127 2830; x_wconf 72' lang='lat'>5273</span> <span class='ocrx_word' id='word_1_214' title='bbox 1160 2748 1278 2815; x_wconf 82' lang='lat' dir='ltr'>Kaibel</span> 
     </span>
     <span class='ocr_line' id='line_1_26' title="bbox 76 2851 1277 2937; baseline 0.002 -20"><span class='ocrx_word' id='word_1_215' title='bbox 76 2871 125 2917; x_wconf 72' lang='lat' dir='ltr'>nr,</span> <span class='ocrx_word' id='word_1_216' title='bbox 152 2852 268 2937; x_wconf 83' lang='lat'>1034);</span> <span class='ocrx_word' id='word_1_217' title='bbox 291 2851 380 2918; x_wconf 90' lang='lat' dir='ltr'>haud</span> <span class='ocrx_word' id='word_1_218' title='bbox 404 2872 498 2920; x_wconf 90' lang='lat' dir='ltr'>secus</span> <span class='ocrx_word' id='word_1_219' title='bbox 522 2853 657 2920; x_wconf 89' lang='lat' dir='ltr'>Orestes</span> <span class='ocrx_word' id='word_1_220' title='bbox 673 2852 909 2920; x_wconf 84' lang='lat' dir='ltr'>Eumenidibus</span> <span class='ocrx_word' id='word_1_221' title='bbox 932 2873 1016 2934; x_wconf 83' lang='lat' dir='ltr'>quae</span> <span class='ocrx_word' id='word_1_222' title='bbox 1039 2859 1117 2919; x_wconf 90' lang='lat' dir='ltr'>sunt</span> <span class='ocrx_word' id='word_1_223' title='bbox 1140 2855 1277 2920; x_wconf 76' lang='grc' dir='ltr'><em>παλλεύ-</em></span> 
     </span>
    </p>
   </div>
   <div class='ocr_carea' id='block_1_5' title="bbox 148 3007 1025 3175">
    <p class='ocr_par' dir='ltr' id='par_1_6' title="bbox 148 3007 1025 3175">
     <span class='ocr_line' id='line_1_27' title="bbox 148 3007 522 3081; baseline 0.011 -20"><span class='ocrx_word' id='word_1_224' title='bbox 148 3007 169 3075; x_wconf 86' lang='lat'>¹)</span> <span class='ocrx_word' id='word_1_225' title='bbox 187 3007 229 3065; x_wconf 79' lang='lat' dir='ltr'>Cf.</span> <span class='ocrx_word' id='word_1_226' title='bbox 249 3008 334 3064; x_wconf 86' lang='lat' dir='ltr'>etiam</span> <span class='ocrx_word' id='word_1_227' title='bbox 352 3032 382 3081; x_wconf 73' lang='grc' dir='ltr'>,α</span> <span class='ocrx_word' id='word_1_228' title='bbox 394 3015 445 3064; x_wconf 81' lang='grc'>359</span> <span class='ocrx_word' id='word_1_229' title='bbox 463 3026 522 3081; x_wconf 86' lang='lat' dir='ltr'>sqq.</span> 
     </span>
     <span class='ocr_line' id='line_1_28' title="bbox 252 3098 1025 3175; baseline 0.009 -26"><span class='ocrx_word' id='word_1_230' title='bbox 252 3098 342 3170; x_wconf 71' lang='grc' dir='ltr'><em>αὐτὰρ</em></span> <span class='ocrx_word' id='word_1_231' title='bbox 363 3103 425 3155; x_wconf 70' lang='lat' dir='ltr'>duct</span> <span class='ocrx_word' id='word_1_232' title='bbox 444 3100 467 3175; x_wconf 77' lang='grc' dir='ltr'>ῥ’</span> <span class='ocrx_word' id='word_1_233' title='bbox 487 3102 603 3159; x_wconf 74' lang='grc' dir='ltr'><em>εὔξαντο</em></span> <span class='ocrx_word' id='word_1_234' title='bbox 622 3107 669 3153; x_wconf 82' lang='grc' dir='ltr'>καὶ</span> <span class='ocrx_word' id='word_1_235' title='bbox 690 3101 816 3170; x_wconf 75' lang='grc' dir='ltr'><em>ἔσφαξαν</em></span> <span class='ocrx_word' id='word_1_236' title='bbox 854 3107 881 3154; x_wconf 77' lang='grc' dir='ltr'>αὶ</span> <span class='ocrx_word' id='word_1_237' title='bbox 903 3102 1025 3174; x_wconf 74' lang='grc' dir='ltr'><em>ἔδειραν,</em></span> 
     </span>
    </p>
   </div>
   <div class='ocr_carea' id='block_1_6' title="bbox 69 3189 1328 4573">
    <p class='ocr_par' dir='ltr' id='par_1_7' title="bbox 249 3189 1038 3263">
     <span class='ocr_line' id='line_1_29' title="bbox 249 3189 1038 3263; baseline 0.004 -22"><span class='ocrx_word' id='word_1_238' title='bbox 249 3191 358 3259; x_wconf 66' lang='grc' dir='ltr'><em>μηρούς</em></span> <span class='ocrx_word' id='word_1_239' title='bbox 377 3189 399 3242; x_wconf 83' lang='grc' dir='ltr'>τ’</span> <span class='ocrx_word' id='word_1_240' title='bbox 419 3190 556 3260; x_wconf 72' lang='grc' dir='ltr'><em>ἐξέταμον</em></span> <span class='ocrx_word' id='word_1_241' title='bbox 575 3193 647 3244; x_wconf 83' lang='grc' dir='ltr'><em>κιιττί</em></span> <span class='ocrx_word' id='word_1_242' title='bbox 670 3208 696 3244; x_wconf 83' lang='grc' dir='ltr'>τε</span> <span class='ocrx_word' id='word_1_243' title='bbox 716 3196 796 3263; x_wconf 68' lang='grc' dir='ltr'><em>κνίσῃ</em></span> <span class='ocrx_word' id='word_1_244' title='bbox 817 3192 964 3257; x_wconf 75' lang='grc' dir='ltr'><em>ἐκάλυψαν</em></span> <span class='ocrx_word' id='word_1_245' title='bbox 983 3195 1038 3244; x_wconf 85' lang='grc' dir='ltr'>κτλ,</span> 
     </span>
    </p>

    <p class='ocr_par' dir='ltr' id='par_1_8' title="bbox 73 3272 1276 4133">
     <span class='ocr_line' id='line_1_30' title="bbox 148 3272 1276 3349; baseline 0.005 -23"><span class='ocrx_word' id='word_1_246' title='bbox 148 3274 169 3339; x_wconf 79' lang='lat'>²)</span> <span class='ocrx_word' id='word_1_247' title='bbox 186 3272 239 3327; x_wconf 83' lang='lat' dir='ltr'>‘die</span> <span class='ocrx_word' id='word_1_248' title='bbox 252 3272 341 3328; x_wconf 83' lang='lat' dir='ltr'>Kohle</span> <span class='ocrx_word' id='word_1_249' title='bbox 359 3273 403 3342; x_wconf 82' lang='lat' dir='ltr'>(de</span> <span class='ocrx_word' id='word_1_250' title='bbox 423 3276 500 3349; x_wconf 71' lang='grc' dir='ltr'>διιρή</span> <span class='ocrx_word' id='word_1_251' title='bbox 515 3301 548 3319; x_wconf 92' lang='grc'>--</span> <span class='ocrx_word' id='word_1_252' title='bbox 561 3280 657 3344; x_wconf 78' lang='lat' dir='ltr'>guttur</span> <span class='ocrx_word' id='word_1_253' title='bbox 676 3275 708 3329; x_wconf 84' lang='lat' dir='ltr'>oi.</span> <span class='ocrx_word' id='word_1_254' title='bbox 722 3284 806 3344; x_wconf 89' lang='lat' dir='ltr'>capnt</span> <span class='ocrx_word' id='word_1_255' title='bbox 825 3277 875 3342; x_wconf 84' lang='lat' dir='ltr'>IV)</span> <span class='ocrx_word' id='word_1_256' title='bbox 893 3275 992 3331; x_wconf 86' lang='lat' dir='ltr'>durch·</span> <span class='ocrx_word' id='word_1_257' title='bbox 1014 3293 1035 3334; x_wconf 88' lang='lat' dir='ltr'>s.</span> <span class='ocrx_word' id='word_1_258' title='bbox 1061 3276 1276 3335; x_wconf 85' lang='lat' dir='ltr'>auischneidon.’</span> 
     </span>
     <span class='ocr_line' id='line_1_31' title="bbox 75 3359 1276 3431; baseline 0.005 -18"><span class='ocrx_word' id='word_1_259' title='bbox 75 3359 117 3413; x_wconf 85' lang='lat' dir='ltr'>Ne</span> <span class='ocrx_word' id='word_1_260' title='bbox 137 3359 295 3427; x_wconf 87' lang='lat' dir='ltr'>primariam</span> <span class='ocrx_word' id='word_1_261' title='bbox 315 3370 343 3416; x_wconf 84' lang='lat' dir='ltr'>et</span> <span class='ocrx_word' id='word_1_262' title='bbox 361 3362 568 3418; x_wconf 85' lang='lat' dir='ltr'>usitatissimam</span> <span class='ocrx_word' id='word_1_263' title='bbox 591 3363 805 3431; x_wconf 83' lang='lat' dir='ltr'>praepositionis</span> <span class='ocrx_word' id='word_1_264' title='bbox 831 3365 891 3418; x_wconf 74' lang='grc' dir='ltr'>ιῑπό</span> <span class='ocrx_word' id='word_1_265' title='bbox 919 3364 1058 3419; x_wconf 88' lang='lat' dir='ltr'>notionem</span> <span class='ocrx_word' id='word_1_266' title='bbox 1083 3365 1111 3418; x_wconf 90' lang='lat' dir='ltr'>in</span> <span class='ocrx_word' id='word_1_267' title='bbox 1137 3364 1179 3419; x_wconf 88' lang='lat' dir='ltr'>his</span> <span class='ocrx_word' id='word_1_268' title='bbox 1205 3366 1276 3420; x_wconf 90' lang='lat' dir='ltr'>iusto</span> 
     </span>
     <span class='ocr_line' id='line_1_32' title="bbox 75 3446 1276 3525; baseline 0.007 -26"><span class='ocrx_word' id='word_1_269' title='bbox 75 3447 163 3514; x_wconf 76' lang='lat' dir='ltr'>magis</span> <span class='ocrx_word' id='word_1_270' title='bbox 181 3461 290 3516; x_wconf 73' lang='lat' dir='ltr'>urgeas,</span> <span class='ocrx_word' id='word_1_271' title='bbox 309 3446 471 3504; x_wconf 74' lang='lat' dir='ltr'>dissuadent</span> <span class='ocrx_word' id='word_1_272' title='bbox 489 3456 519 3503; x_wconf 89' lang='grc' dir='ltr'><em>Ν</em></span> <span class='ocrx_word' id='word_1_273' title='bbox 536 3456 586 3504; x_wconf 80' lang='grc'>516</span> <span class='ocrx_word' id='word_1_274' title='bbox 605 3456 633 3505; x_wconf 81' lang='lat' dir='ltr'><em>K</em></span> <span class='ocrx_word' id='word_1_275' title='bbox 653 3456 704 3504; x_wconf 81' lang='grc'>456</span> <span class='ocrx_word' id='word_1_276' title='bbox 723 3449 783 3505; x_wconf 80' lang='grc' dir='ltr'>αάὀ</span> <span class='ocrx_word' id='word_1_277' title='bbox 804 3450 830 3504; x_wconf 78' lang='lat' dir='ltr'>d&#39;</span> <span class='ocrx_word' id='word_1_278' title='bbox 846 3453 937 3522; x_wconf 72' lang='grc' dir='ltr'><em>ἄματα</em></span> <span class='ocrx_word' id='word_1_279' title='bbox 956 3458 1038 3525; x_wconf 79' lang='grc' dir='ltr'><em>κίρσε</em></span> <span class='ocrx_word' id='word_1_280' title='bbox 1051 3459 1165 3507; x_wconf 75' lang='grc' dir='ltr'><em>τένοντε</em></span> <span class='ocrx_word' id='word_1_281' title='bbox 1184 3460 1213 3508; x_wconf 90' lang='grc' dir='ltr'><strong>Χ</strong></span> <span class='ocrx_word' id='word_1_282' title='bbox 1225 3459 1276 3508; x_wconf 83' lang='grc'>328</span> 
     </span>
     <span class='ocr_line' id='line_1_33' title="bbox 74 3533 1276 3609; baseline 0.007 -22"><span class='ocrx_word' id='word_1_283' title='bbox 74 3540 104 3588; x_wconf 85' lang='lat' dir='ltr'>et</span> <span class='ocrx_word' id='word_1_284' title='bbox 120 3533 178 3589; x_wconf 76' lang='lat' dir='ltr'>alls</span> <span class='ocrx_word' id='word_1_285' title='bbox 196 3534 272 3590; x_wconf 71' lang='lat' dir='ltr'>haud</span> <span class='ocrx_word' id='word_1_286' title='bbox 290 3551 381 3603; x_wconf 78' lang='lat' dir='ltr'>pauca</span> <span class='ocrx_word' id='word_1_287' title='bbox 398 3537 464 3592; x_wconf 83' lang='lat' dir='ltr'>talis</span> <span class='ocrx_word' id='word_1_288' title='bbox 483 3552 547 3592; x_wconf 88' lang='lat' dir='ltr'>usos</span> <span class='ocrx_word' id='word_1_289' title='bbox 564 3538 594 3592; x_wconf 93' lang='lat' dir='ltr'>in</span> <span class='ocrx_word' id='word_1_290' title='bbox 614 3539 705 3593; x_wconf 86' lang='lat' dir='ltr'>verbis</span> <span class='ocrx_word' id='word_1_291' title='bbox 724 3553 784 3593; x_wconf 91' lang='lat' dir='ltr'>cum</span> <span class='ocrx_word' id='word_1_292' title='bbox 803 3540 876 3604; x_wconf 79' lang='grc' dir='ltr'><em>α’κό,</em></span> <span class='ocrx_word' id='word_1_293' title='bbox 894 3539 1000 3608; x_wconf 70' lang='grc'>11111,</span> <span class='ocrx_word' id='word_1_294' title='bbox 1017 3556 1102 3609; x_wconf 78' lang='lat' dir='ltr'>gorm.</span> <span class='ocrx_word' id='word_1_295' title='bbox 1115 3544 1148 3595; x_wconf 85' lang='lat' dir='ltr'>ab</span> <span class='ocrx_word' id='word_1_296' title='bbox 1167 3557 1276 3609; x_wconf 88' lang='lat' dir='ltr'>compo·</span> 
     </span>
     <span class='ocr_line' id='line_1_34' title="bbox 74 3620 1276 3694; baseline 0.006 -18"><span class='ocrx_word' id='word_1_297' title='bbox 74 3620 134 3676; x_wconf 86' lang='lat' dir='ltr'>sitis</span> <span class='ocrx_word' id='word_1_298' title='bbox 153 3621 226 3676; x_wconf 79' lang='lat' dir='ltr'>obvii</span> <span class='ocrx_word' id='word_1_299' title='bbox 244 3624 380 3691; x_wconf 80' lang='lat' dir='ltr'>exempla,</span> <span class='ocrx_word' id='word_1_300' title='bbox 399 3639 514 3692; x_wconf 86' lang='lat' dir='ltr'>quorum</span> <span class='ocrx_word' id='word_1_301' title='bbox 533 3625 587 3679; x_wconf 91' lang='lat' dir='ltr'>duo</span> <span class='ocrx_word' id='word_1_302' title='bbox 606 3622 729 3692; x_wconf 79' lang='lat' dir='ltr'>afferam,</span> <span class='ocrx_word' id='word_1_303' title='bbox 748 3630 843 3694; x_wconf 84' lang='lat' dir='ltr'>utpote</span> <span class='ocrx_word' id='word_1_304' title='bbox 861 3626 934 3680; x_wconf 85' lang='lat' dir='ltr'>inter</span> <span class='ocrx_word' id='word_1_305' title='bbox 952 3641 981 3681; x_wconf 90' lang='lat' dir='ltr'>se</span> <span class='ocrx_word' id='word_1_306' title='bbox 998 3632 1027 3680; x_wconf 85' lang='lat' dir='ltr'>et</span> <span class='ocrx_word' id='word_1_307' title='bbox 1044 3626 1113 3681; x_wconf 88' lang='lat' dir='ltr'>locis</span> <span class='ocrx_word' id='word_1_308' title='bbox 1130 3627 1276 3683; x_wconf 84' lang='lat' dir='ltr'>homericis</span> 
     </span>
     <span class='ocr_line' id='line_1_35' title="bbox 73 3708 1275 3783; baseline 0.006 -21"><span class='ocrx_word' id='word_1_309' title='bbox 73 3708 229 3765; x_wconf 78' lang='lat' dir='ltr'>simildms:</span> <span class='ocrx_word' id='word_1_310' title='bbox 249 3710 326 3767; x_wconf 73' lang='lat' dir='ltr'>Ouid.</span> <span class='ocrx_word' id='word_1_311' title='bbox 339 3718 479 3769; x_wconf 84' lang='lat' dir='ltr'>metamm.</span> <span class='ocrx_word' id='word_1_312' title='bbox 492 3712 558 3766; x_wconf 90' lang='lat' dir='ltr'>VIII</span> <span class='ocrx_word' id='word_1_313' title='bbox 570 3717 619 3767; x_wconf 78' lang='grc'>113</span> <span class='ocrx_word' id='word_1_314' title='bbox 633 3730 672 3783; x_wconf 87' lang='lat' dir='ltr'>sq.</span> <span class='ocrx_word' id='word_1_315' title='bbox 692 3713 780 3783; x_wconf 82' lang='lat' dir='ltr'>‘quam</span> <span class='ocrx_word' id='word_1_316' title='bbox 794 3713 872 3782; x_wconf 86' lang='lat' dir='ltr'>solet,</span> <span class='ocrx_word' id='word_1_317' title='bbox 891 3720 957 3768; x_wconf 86' lang='lat' dir='ltr'>ante</span> <span class='ocrx_word' id='word_1_318' title='bbox 971 3728 1036 3769; x_wconf 80' lang='lat' dir='ltr'>oras</span> <span class='ocrx_word' id='word_1_319' title='bbox 1048 3715 1146 3783; x_wconf 78' lang='lat' dir='ltr'>ingens</span> <span class='ocrx_word' id='word_1_320' title='bbox 1158 3714 1204 3769; x_wconf 92' lang='lat' dir='ltr'>nbi</span> <span class='ocrx_word' id='word_1_321' title='bbox 1223 3716 1275 3769; x_wconf 87' lang='lat' dir='ltr'>vic·</span> 
     </span>
     <span class='ocr_line' id='line_1_36' title="bbox 73 3795 1274 3869; baseline 0.005 -20"><span class='ocrx_word' id='word_1_322' title='bbox 73 3798 142 3852; x_wconf 85' lang='lat' dir='ltr'>tima</span> <span class='ocrx_word' id='word_1_323' title='bbox 161 3804 256 3852; x_wconf 80' lang='lat' dir='ltr'>tanum</span> <span class='ocrx_word' id='word_1_324' title='bbox 275 3795 402 3867; x_wconf 85' lang='lat' dir='ltr'>concidit,</span> <span class='ocrx_word' id='word_1_325' title='bbox 422 3796 542 3866; x_wconf 87' lang='lat' dir='ltr'>abrupta</span> <span class='ocrx_word' id='word_1_326' title='bbox 560 3814 641 3854; x_wconf 86' lang='lat' dir='ltr'>cruor</span> <span class='ocrx_word' id='word_1_327' title='bbox 659 3815 674 3854; x_wconf 86' lang='lat' dir='ltr'>c</span> <span class='ocrx_word' id='word_1_328' title='bbox 693 3797 796 3854; x_wconf 80' lang='lat' dir='ltr'>corsica</span> <span class='ocrx_word' id='word_1_329' title='bbox 813 3797 953 3867; x_wconf 82' lang='lat' dir='ltr'>protundi’</span> <span class='ocrx_word' id='word_1_330' title='bbox 972 3799 1034 3856; x_wconf 88' lang='lat' dir='ltr'>coll.</span> <span class='ocrx_word' id='word_1_331' title='bbox 1052 3799 1115 3858; x_wconf 86' lang='lat' dir='ltr'>Seu.</span> <span class='ocrx_word' id='word_1_332' title='bbox 1134 3801 1168 3855; x_wconf 88' lang='lat' dir='ltr'>de</span> <span class='ocrx_word' id='word_1_333' title='bbox 1186 3803 1274 3869; x_wconf 82' lang='lat' dir='ltr'>provi·</span> 
     </span>
     <span class='ocr_line' id='line_1_37' title="bbox 73 3882 1274 3954; baseline 0.004 -16"><span class='ocrx_word' id='word_1_334' title='bbox 73 3884 169 3941; x_wconf 78' lang='lat' dir='ltr'>dentis</span> <span class='ocrx_word' id='word_1_335' title='bbox 184 3884 223 3939; x_wconf 91' lang='lat' dir='ltr'>v1</span> <span class='ocrx_word' id='word_1_336' title='bbox 243 3889 259 3939; x_wconf 84' lang='lat'><em>8</em></span> <span class='ocrx_word' id='word_1_337' title='bbox 278 3885 363 3939; x_wconf 81' lang='lat' dir='ltr'>‘tenui</span> <span class='ocrx_word' id='word_1_338' title='bbox 382 3883 456 3940; x_wconf 76' lang='lat' dir='ltr'>ferro</span> <span class='ocrx_word' id='word_1_339' title='bbox 482 3886 660 3942; x_wconf 85' lang='lat' dir='ltr'>commissura</span> <span class='ocrx_word' id='word_1_340' title='bbox 678 3882 791 3942; x_wconf 77' lang='lat' dir='ltr'>cervicis</span> <span class='ocrx_word' id='word_1_341' title='bbox 809 3885 992 3954; x_wconf 84' lang='lat' dir='ltr'>abrumpitur’</span> <span class='ocrx_word' id='word_1_342' title='bbox 1011 3888 1140 3951; x_wconf 69' lang='grc' dir='ltr'><em>(πέλεκυς</em></span> <span class='ocrx_word' id='word_1_343' title='bbox 1161 3888 1186 3942; x_wconf 72' lang='grc' dir='ltr'>δ’</span> <span class='ocrx_word' id='word_1_344' title='bbox 1205 3891 1274 3943; x_wconf 65' lang='lat' dir='ltr'>cint-</span> 
     </span>
     <span class='ocr_line' id='line_1_38' title="bbox 74 3970 1273 4044; baseline 0.004 -20"><span class='ocrx_word' id='word_1_345' title='bbox 74 3985 145 4037; x_wconf 75' lang='grc' dir='ltr'><em>κοψε</em></span> <span class='ocrx_word' id='word_1_346' title='bbox 176 3979 307 4031; x_wconf 66' lang='grc' dir='ltr'><em>τένοντας</em></span> <span class='ocrx_word' id='word_1_347' title='bbox 335 3974 483 4042; x_wconf 61' lang='grc' dir='ltr'><em>αιῂςενίους</em></span> <span class='ocrx_word' id='word_1_348' title='bbox 502 3994 521 4042; x_wconf 77' lang='lat' dir='ltr'><em>y</em></span> <span class='ocrx_word' id='word_1_349' title='bbox 540 3977 591 4025; x_wconf 82' lang='grc'>449</span> <span class='ocrx_word' id='word_1_350' title='bbox 610 3975 668 4040; x_wconf 85' lang='lat' dir='ltr'>sq).</span> <span class='ocrx_word' id='word_1_351' title='bbox 688 4002 718 4011; x_wconf 92' lang='lat'>-</span> <span class='ocrx_word' id='word_1_352' title='bbox 738 3970 802 4027; x_wconf 84' lang='lat' dir='ltr'>Alio</span> <span class='ocrx_word' id='word_1_353' title='bbox 828 3970 941 4028; x_wconf 80' lang='lat' dir='ltr'>deflexit</span> <span class='ocrx_word' id='word_1_354' title='bbox 963 3972 1089 4028; x_wconf 83' lang='lat' dir='ltr'>vocabuli</span> <span class='ocrx_word' id='word_1_355' title='bbox 1109 3981 1273 4044; x_wconf 85' lang='lat' dir='ltr'>potestatem</span> 
     </span>
     <span class='ocr_line' id='line_1_39' title="bbox 73 4054 1233 4133; baseline 0.006 -21"><span class='ocrx_word' id='word_1_356' title='bbox 73 4056 211 4114; x_wconf 86' lang='lat' dir='ltr'>Hesiodus</span> <span class='ocrx_word' id='word_1_357' title='bbox 229 4063 275 4125; x_wconf 75' lang='grc' dir='ltr'>τῆς</span> <span class='ocrx_word' id='word_1_358' title='bbox 296 4054 342 4115; x_wconf 80' lang='grc' dir='ltr'>ὅτε</span> <span class='ocrx_word' id='word_1_359' title='bbox 362 4060 393 4126; x_wconf 71' lang='grc' dir='ltr'>δὴ</span> <span class='ocrx_word' id='word_1_360' title='bbox 414 4059 540 4131; x_wconf 68' lang='grc' dir='ltr'><em>κεφαλὴν</em></span> <span class='ocrx_word' id='word_1_361' title='bbox 557 4059 687 4130; x_wconf 74' lang='grc' dir='ltr'><em>Περσεὺς</em></span> <span class='ocrx_word' id='word_1_362' title='bbox 706 4061 972 4132; x_wconf 71' lang='grc' dir='ltr'><em>α’τιεδειροτόμησιν</em></span> <span class='ocrx_word' id='word_1_363' title='bbox 991 4061 1144 4133; x_wconf 77' lang='lat' dir='ltr'>(Theogon.</span> <span class='ocrx_word' id='word_1_364' title='bbox 1162 4065 1233 4133; x_wconf 83' lang='grc'>280).</span> 
     </span>
    </p>

    <p class='ocr_par' dir='ltr' id='par_1_9' title="bbox 69 4147 1328 4573">
     <span class='ocr_line' id='line_1_40' title="bbox 144 4147 1274 4219; baseline 0.008 -21"><span class='ocrx_word' id='word_1_365' title='bbox 144 4147 165 4213; x_wconf 77' lang='lat'>⁸)</span> <span class='ocrx_word' id='word_1_366' title='bbox 184 4149 297 4217; x_wconf 72' lang='grc' dir='ltr'><em>σᾳτίγια</em></span> <span class='ocrx_word' id='word_1_367' title='bbox 316 4148 398 4217; x_wconf 74' lang='grc' dir='ltr'><em>θῦμα</em></span> <span class='ocrx_word' id='word_1_368' title='bbox 417 4150 507 4219; x_wconf 73' lang='grc' dir='ltr'><em>ἱερεῖα</em></span> <span class='ocrx_word' id='word_1_369' title='bbox 527 4150 713 4218; x_wconf 68' lang='grc' dir='ltr'><em>καταβάλλειν</em></span> <span class='ocrx_word' id='word_1_370' title='bbox 731 4147 797 4203; x_wconf 84' lang='lat' dir='ltr'>Eur.</span> <span class='ocrx_word' id='word_1_371' title='bbox 818 4148 864 4204; x_wconf 81' lang='lat' dir='ltr'>Or.</span> <span class='ocrx_word' id='word_1_372' title='bbox 887 4155 961 4205; x_wconf 81' lang='lat'>1603.</span> <span class='ocrx_word' id='word_1_373' title='bbox 993 4151 1093 4208; x_wconf 79' lang='lat' dir='ltr'>Bacch.</span> <span class='ocrx_word' id='word_1_374' title='bbox 1115 4157 1190 4210; x_wconf 81' lang='grc'>1246.</span> <span class='ocrx_word' id='word_1_375' title='bbox 1219 4154 1274 4207; x_wconf 82' lang='lat' dir='ltr'>Iso·</span> 
     </span>
     <span class='ocr_line' id='line_1_41' title="bbox 73 4233 1273 4304; baseline 0.007 -18"><span class='ocrx_word' id='word_1_376' title='bbox 73 4238 140 4288; x_wconf 81' lang='lat' dir='ltr'>crat.</span> <span class='ocrx_word' id='word_1_377' title='bbox 160 4233 188 4287; x_wconf 91' lang='lat'>11</span> <span class='ocrx_word' id='word_1_378' title='bbox 206 4234 355 4290; x_wconf 67' lang='lat' dir='ltr'>socrdem</span> <span class='ocrx_word' id='word_1_379' title='bbox 374 4234 485 4291; x_wconf 87' lang='lat' dir='ltr'>notione</span> <span class='ocrx_word' id='word_1_380' title='bbox 504 4236 703 4304; x_wconf 74' lang='grc' dir='ltr'><em>(κατακόπτειν</em></span> <span class='ocrx_word' id='word_1_381' title='bbox 722 4235 939 4292; x_wconf 82' lang='lat' dir='ltr'>‘niederwerien&#39;</span> <span class='ocrx_word' id='word_1_382' title='bbox 959 4237 1132 4295; x_wconf 87' lang='lat' dir='ltr'>Schoemann</span> <span class='ocrx_word' id='word_1_383' title='bbox 1154 4241 1273 4296; x_wconf 85' lang='lat' dir='ltr'>Alterth.</span> 
     </span>
     <span class='ocr_line' id='line_1_42' title="bbox 73 4320 1273 4395; baseline 0.006 -21"><span class='ocrx_word' id='word_1_384' title='bbox 73 4320 99 4374; x_wconf 90' lang='lat'>11</span> <span class='ocrx_word' id='word_1_385' title='bbox 118 4326 179 4378; x_wconf 83' lang='grc'>240.</span> <span class='ocrx_word' id='word_1_386' title='bbox 200 4325 250 4375; x_wconf 81' lang='grc'>241</span> <span class='ocrx_word' id='word_1_387' title='bbox 269 4338 296 4380; x_wconf 88' lang='lat' dir='ltr'>n.</span> <span class='ocrx_word' id='word_1_388' title='bbox 315 4324 349 4392; x_wconf 81' lang='grc'>3),</span> <span class='ocrx_word' id='word_1_389' title='bbox 368 4338 424 4392; x_wconf 82' lang='lat' dir='ltr'>qna</span> <span class='ocrx_word' id='word_1_390' title='bbox 441 4322 527 4379; x_wconf 80' lang='lat' dir='ltr'>verba</span> <span class='ocrx_word' id='word_1_391' title='bbox 545 4325 673 4386; x_wconf 73' lang='grc' dir='ltr'><em>πατάξας</em></span> <span class='ocrx_word' id='word_1_392' title='bbox 692 4326 854 4395; x_wconf 69' lang='grc' dir='ltr'><em>καταβάλλω</em></span> <span class='ocrx_word' id='word_1_393' title='bbox 873 4322 939 4395; x_wconf 78' lang='lat' dir='ltr'>Lys.</span> <span class='ocrx_word' id='word_1_394' title='bbox 958 4325 1026 4381; x_wconf 86' lang='lat' dir='ltr'>XIII</span> <span class='ocrx_word' id='word_1_395' title='bbox 1045 4332 1076 4381; x_wconf 77' lang='grc'>81</span> <span class='ocrx_word' id='word_1_396' title='bbox 1097 4335 1221 4394; x_wconf 81' lang='lat' dir='ltr'>utuntur,</span> <span class='ocrx_word' id='word_1_397' title='bbox 1240 4327 1273 4381; x_wconf 87' lang='lat' dir='ltr'>de</span> 
     </span>
     <span class='ocr_line' id='line_1_43' title="bbox 71 4408 1328 4490; baseline 0.003 -27"><span class='ocrx_word' id='word_1_398' title='bbox 71 4408 170 4465; x_wconf 85' lang='lat' dir='ltr'>hostiis</span> <span class='ocrx_word' id='word_1_399' title='bbox 195 4417 261 4464; x_wconf 82' lang='lat' dir='ltr'>ante</span> <span class='ocrx_word' id='word_1_400' title='bbox 284 4424 362 4465; x_wconf 80' lang='lat' dir='ltr'>stom</span> <span class='ocrx_word' id='word_1_401' title='bbox 391 4408 580 4465; x_wconf 83' lang='lat' dir='ltr'>corruentibus</span> <span class='ocrx_word' id='word_1_402' title='bbox 605 4412 746 4479; x_wconf 79' lang='lat' dir='ltr'>aptissime</span> <span class='ocrx_word' id='word_1_403' title='bbox 771 4410 882 4468; x_wconf 88' lang='lat' dir='ltr'>dictum.</span> <span class='ocrx_word' id='word_1_404' title='bbox 918 4411 1036 4482; x_wconf 85' lang='lat' dir='ltr'>Hesych.</span> <span class='ocrx_word' id='word_1_405' title='bbox 1062 4415 1185 4484; x_wconf 64' lang='grc' dir='ltr'><em>κύρησες·</em></span> <span class='ocrx_word' id='word_1_406' title='bbox 1211 4416 1271 4485; x_wconf 78' lang='grc' dir='ltr'><em>μα’-</em></span> <span class='ocrx_word' id='word_1_407' title='bbox 1325 4484 1328 4490; x_wconf 93' lang='lat'><em>.</em></span> 
     </span>
     <span class='ocr_line' id='line_1_44' title="bbox 69 4487 950 4573; baseline 0.007 -25"><span class='ocrx_word' id='word_1_408' title='bbox 69 4517 166 4570; x_wconf 76' lang='grc' dir='ltr'><em>χαιρα.</em></span> <span class='ocrx_word' id='word_1_409' title='bbox 187 4501 310 4566; x_wconf 68' lang='grc' dir='ltr'><em>ἄμεινον</em></span> <span class='ocrx_word' id='word_1_410' title='bbox 330 4499 358 4551; x_wconf 72' lang='grc' dir='ltr'>δὲ</span> <span class='ocrx_word' id='word_1_411' title='bbox 381 4501 500 4558; x_wconf 72' lang='grc' dir='ltr'><em>πέλεκυς</em></span> <span class='ocrx_word' id='word_1_412' title='bbox 519 4487 540 4568; x_wconf 75' lang='grc' dir='ltr'><em>ᾧ</em></span> <span class='ocrx_word' id='word_1_413' title='bbox 560 4496 611 4558; x_wconf 78' lang='grc' dir='ltr'>τὰς</span> <span class='ocrx_word' id='word_1_414' title='bbox 628 4499 698 4572; x_wconf 67' lang='grc' dir='ltr'>βοῦς</span> <span class='ocrx_word' id='word_1_415' title='bbox 717 4501 950 4573; x_wconf 63' lang='grc' dir='ltr'><em>καταβάλλουσιν.</em></span> 
     </span>
    </p>
   </div>
   <div class='ocr_carea' id='block_1_7' title="bbox 0 0 1474 5026">
    <p class='ocr_par' dir='ltr' id='par_1_10' title="bbox 0 0 1474 5026">
     <span class='ocr_line' id='line_1_45' title="bbox 0 0 1474 5026; baseline 0 4"><span class='ocrx_word' id='word_1_416' title='bbox 0 0 1474 5026; x_wconf 95' lang='lat' dir='ltr'> </span> 
     </span>
    </p>
   </div>
  </div>
 </body>
</html>
