2940 5026
555 205 770 271 -67-

57 394 180 480 rifo;¹)
213 394 338 479 κακά’)
369 394 481 481 ῥᾴον’)
515 395 670 480 ῥέβεθραν
700 397 793 481 ῥόβος
824 396 962 481 -σσόβος
993 395 1081 480 τεβός
1112 399 1262 484 φαβεινός

58 502 202 588 φαβείνω
226 498 327 586 φά[ε;’
350 517 447 566 casus
470 499 634 567 nominum
656 500 690 566 in
714 500 768 578 ν’ςε
793 503 863 584 ε’βος
886 507 947 567 eit.
957 502 985 586 ⁴)

146 601 285 686 Qualem
304 601 482 668 Homerum
504 621 565 669 nos
587 605 781 686 legeremus,
806 605 834 670 si
856 610 975 686 poetae
999 605 1082 686 epici
1105 607 1261 673 aeolicam

56 709 192 775 litterae
215 707 289 773 Van
312 708 525 774 mutationem
547 708 581 773 in
602 727 718 776 versus
742 728 836 776 nsum
851 715 1044 777 convertere
1068 706 1260 793 potuissent

57 814 124 879 iam
148 832 168 877 e
190 812 324 878 misellis
347 812 496 879 frustulis
520 832 605 894 quae
620 814 753 880 dialecti
775 834 915 898 graecae
938 814 1024 881 forte
1045 813 1181 881 fortuito
1205 813 1261 881 ad·

58 924 196 986 servata
230 917 444 999 suppeditant
478 924 512 984 et
546 938 564 984 e
598 918 793 986 coniecturis
828 919 970 986 virorum
1004 919 1174 985 doctorum
1209 920 1263 1000 qni

59 1022 207 1091 carmina
230 1028 364 1090 vetusta
393 1023 466 1088 inco
491 1023 614 1088 aeolico
641 1023 796 1089 inducere
819 1025 972 1090 laborant
994 1023 1082 1089 satis·
1099 1041 1262 1104 superque

60 1127 211 1195 divinare
233 1126 320 1193 licet

148 1230 218 1296 Nec
241 1233 383 1313 probant
412 1233 499 1312 quod
528 1233 668 1315 probare
698 1233 911 1314 perhibentur
938 1233 971 1297 in
994 1233 1056 1298 hac
1079 1251 1115 1296 re
1138 1230 1263 1298 formae

63 1334 139 1400 illae
172 1333 410 1416 insolentioris,
446 1342 483 1400 nt
517 1335 699 1417 videbatur,
735 1337 923 1420 prosodiae,
959 1356 1043 1417 quae
1078 1342 1115 1402 ut
1145 1342 1263 1418 poetae

68 1439 169 1504 verba
195 1457 282 1504 nnnc
312 1439 468 1522 leguntur
498 1441 629 1507 vocales
656 1442 834 1525 productas
865 1433 1003 1522 habent,
1035 1441 1152 1522 quibus
1182 1438 1264 1504 Fiek

71 1541 126 1607 alii
148 1542 364 1628 diphthongos
388 1573 429 1611 av
453 1572 487 1611 ευ
510 1546 664 1612 substitui
686 1547 808 1613 iubent.

153 1677 173 1714 α
188 1649 422 1717 vocabulorum
446 1648 509 1737 ἃὴρ
527 1648 633 1717 dabam
647 1648 765 1736 Ἀίδης
780 1650 924 1716 Atticam
947 1668 1073 1731 quoque
1089 1649 1264 1715 dialectum

63 1753 105 1818 ab
142 1752 308 1819 Aeolismo
353 1753 417 1819 isto
455 1773 590 1836 prorsus
635 1755 865 1821 abhorrentem
903 1754 1097 1837 produxisse
1135 1759 1265 1820 constat

62 1855 164 1946 (ᾆττω
190 1855 319 1943 ’Ἅιδης
356 1857 397 1923 df.
428 1858 527 1924 etiam
557 1858 728 1942 Amorgini
758 1858 940 1926 Semonidis
958 1857 1079 1945 Ἀίδης
1108 1859 1204 1942 frgm.
1234 1861 1263 1939 7,

65 1961 159 2045 107),
191 1962 277 2028 unde
312 1962 435 2028 vocalis
469 1963 715 2044 productionem
746 1983 811 2029 non
842 1962 996 2046 digammi
1027 1981 1088 2044 ope
1117 1961 1264 2026 effectam

63 2085 138 2132 esse
161 2066 347 2133 necessario
371 2067 534 2148 sequitur:
560 2071 646 2149 quod
669 2069 753 2136 vidit
774 2068 1026 2150 Wackernagel.

150 2171 215 2238 ion.
246 2177 307 2239 att.
339 2174 408 2239 dor.
442 2171 567 2260 dolio:
592 2176 674 2241 aeol.
701 2174 784 2261 αὔηρ
808 2180 854 2256 (<
878 2175 993 2260 ’ἅρηρὴ
1020 2204 1042 2228 =
1066 2171 1163 2255 ῖμάςε
1187 2171 1266 2254 ἱμάς

63 2273 150 2359 (rad.
173 2285 222 2340 si:
243 2275 297 2361 rt).
342 2276 393 2342 De
416 2275 634 2343 declinatione
657 2296 742 2358 quae
766 2277 842 2343 olim
865 2277 912 2343 sic
936 2275 1135 2359 procedebat

151 2399 236 2446 nom.
261 2394 339 2447 over
361 2380 417 2466 (ci.
440 2381 504 2448 ion.
530 2381 621 2468 ἠέρα,
645 2382 732 2448 unde
757 2376 819 2468 ἦρα
844 2382 1012 2465 Hesych.).
1105 2458 1106 2461 ρ

152 2504 225 2569 gell.
250 2483 363 2552 liveriis
384 2506 410 2552 S·
435 2485 529 2555 (turos
552 2485 607 2572 (df.
633 2487 746 2570 αὔρα).

64 2590 134 2674 egit
155 2589 231 2656 Job.
255 2589 402 2658 Schmidt
425 2590 507 2677 (KZ.
530 2592 627 2658 XXV
652 2593 753 2679 23).⁵)
799 2594 849 2659 De
880 2600 939 2659 att.
972 2591 1036 2678 ἀήρ
1067 2590 1153 2656 idem
1184 2592 1262 2657 indi·

64 2695 204 2762 candum
227 2696 314 2776 qnod
338 2696 378 2761 de
404 2695 473 2780 pdp
494 2698 623 2781 ψᾱρός;
648 2719 679 2765 v.
704 2717 779 2780 pag.
805 2702 846 2763 69
870 2717 917 2778 sq.

138 2929 159 2991 ¹)
178 2944 194 2997 ρ
214 2929 246 2976 66
272 2923 330 2977 cod.
355 2922 379 2976 D
404 2922 489 2978 habet
512 2926 590 2978 ἔσθλ’
615 2923 819 2996 ἀγορεύοντες,
846 2926 912 2983 νόος
940 2924 970 2977 dl
998 2926 1025 2977 oi
1052 2925 1121 2976 ἄλλα
1145 2928 1265 2991 μενοίνα

65 3025 81 3063 a
99 3009 259 3078 corruptela
277 3011 335 3065 sire
352 3011 575 3079 interpolatione.

137 3101 161 3162 ¹)
180 3097 289 3151 nodedu
307 3097 339 3151 ci.
358 3096 427 3152 Fick
446 3095 497 3154 Od.
519 3103 567 3152 192
587 3098 737 3153 6116323.

139 3189 159 3249 ⁸)
178 3184 356 3241 decentiores
383 3190 485 3251 passim
514 3187 580 3258 βείω
605 3184 725 3252 habent,
752 3193 934 3245 commentum
962 3183 1098 3238 novicium
1118 3181 1153 3238 ad
1172 3180 1265 3236 simili·

66 3268 190 3325 tudinem
209 3270 286 3325 serbi
305 3276 374 3325 θείω
394 3268 500 3338 dequo
527 3271 617 3326 dicam
643 3271 704 3326 libr.
724 3271 752 3325 11
770 3286 924 3339 procusum.
955 3269 1030 3340 βαθὺ
1052 3272 1195 3344 distortos·
1214 3271 1266 3334 Ap.

66 3354 197 3412 11116611
218 3362 275 3411 tes.
303 3360 491 3432 α’πορρεέουσι
512 3357 627 3416 Nicand,
641 3359 691 3412 Th.
706 3364 765 3412 404.
795 3361 874 3433 nepti
894 3378 922 3412 τε
943 3359 1026 3431 (ictor
1042 3360 1137 3428 χένόνα
1153 3357 1268 3425 Dionys

66 3445 200 3512 perieget.
222 3450 296 3499 1011.
323 3449 462 3521 βπορρείῃ
481 3446 615 3502 Manetbo
634 3447 739 3504 11111.
767 3449 962 3519 ιέπορρειουσιι
981 3446 1016 3499 id.
1036 3446 1060 3498 V
1083 3451 1131 3499 116
1150 3445 1268 3511 saepius.

138 3532 161 3600 ⁴)
179 3530 293 3587 Hesiodi
320 3535 419 3603 εὕρῆος
446 3549 468 3589 s.
495 3536 605 3606 εὐρεῖαι
634 3559 667 3577 =
696 3537 831 3606 edpefe‘or.
869 3535 1006 3608 πρεσβῆες
1031 3531 1095 3586 Hes.
1123 3539 1192 3586 seut.
1217 3534 1267 3582 245

67 3635 85 3673 a
102 3634 176 3675 nom.
196 3621 334 3692 πρεσβεύς
353 3617 495 3674 descendit
513 3620 557 3684 (G.
571 3618 678 3689 Meyer²
691 3619 706 3691 §
719 3625 771 3674 355
784 3636 811 3687 p.
825 3621 900 3689 313);
920 3618 1087 3674 nominativo
1106 3618 1142 3686 pl.
1156 3632 1268 3685 respon·

68 3704 115 3760 det
134 3704 225 3760 dualia
244 3707 350 3779 πρισβή
365 3708 412 3772 (<
425 3707 561 3780 πρεσβῇε;
580 3705 615 3759 ci.
634 3708 716 3773 τοκῆε
735 3707 831 3774 6311)
849 3721 931 3774 qnam
950 3705 1068 3760 formam
1087 3703 1269 3771 compluriens

68 3791 170 3847 offendi
195 3791 269 3859 apud
295 3792 400 3848 Atticos
426 3792 601 3862 grammatici
626 3800 765 3848 testantur
792 3793 937 3861 (Choerob.
966 3792 996 3844 in
1020 3791 1140 3845 Bekkeri
1166 3790 1268 3844 hnecd.

68 3879 108 3934 ΙΙΙ
129 3883 195 3934 1247
216 3884 310 3936 ἰστέον
335 3882 365 3934 di
386 3887 432 3934 καὶ
453 3882 536 3935 τοῦτο
557 3874 601 3936 ὅτι
620 3884 635 3947 p‘
656 3883 754 3936 εὐθεῖα
780 3882 837 3935 τῶν
862 3881 968 3933 δυϊκιῦν
992 3879 1029 3931 rol
1058 3884 1164 3953 πρέσβη
1190 3878 1268 3953 παρὰ

68 3978 127 4028 τοῖς
155 3968 270 4042 ῥήτορσι
297 3970 457 4042 βαρυτόνως
486 3972 715 4040 αέναγινώσκειαι
742 3972 778 4031 ὥς
807 3971 867 4024 εἶπό
897 3969 947 4022 τοῦ
977 3974 1099 4038 πρέσβυς
1132 3972 1270 4041 πρέσβεας

69 4061 327 4128 πρέσβεεπρέσβη,
346 4056 425 4127 παρὰ
447 4058 477 4112 dl
497 4059 695 4130 Ἀριστοφάνει
722 4056 817 4126 (Koch.
835 4056 916 4125 irgm.
937 4061 986 4109 666
1009 4055 1022 4108 Ι
1042 4056 1103 4123 661)
1123 4072 1270 4129 περισπω-

68 4151 163 4213 μένως
181 4144 219 4203 ὥς
238 4141 289 4196 α’π’
310 4145 425 4203 εὐθείας
445 4143 596 4208 divionen,
616 4138 679 4198 οἷον
698 4144 735 4203 ὥς
754 4142 814 4196 α’πὸ
834 4144 884 4196 τοῦ
904 4143 1042 4211 πρεσβεύς
1062 4143 1111 4195 τοῦ
1132 4147 1271 4211 πρεσβέος

69 4230 106 4284 ui
133 4235 256 4304 πρεσβέε
280 4229 318 4282 τι)
344 4232 460 4301 πρεσβῆ.
496 4230 529 4286 G.
548 4232 656 4301 Meyer¹
681 4228 765 4299 §381
792 4246 818 4297 p.
838 4233 889 4281 360
915 4228 962 4283 ubi
987 4230 1093 4301 πρεσβῆ
1117 4228 1171 4282 iarn
1197 4225 1271 4294 apud

69 4315 236 4386 Aeschylum
256 4314 350 4385 Snppl.
370 4321 421 4370 666
440 4332 585 4372 occurrere
605 4317 712 4387 addas).

139 4407 164 4470 ι)
182 4403 215 4459 (l.
234 4402 389 4473 Meyerum
407 4404 423 4474 §
441 4409 475 4458 64
495 4421 519 4472 p.
540 4410 572 4458 16
593 4435 623 4444 -
644 4401 705 4472 ‘riq'p
725 4404 802 4458 kann
821 4419 873 4458 nur
891 4411 972 4458 unter
991 4402 1040 4457 der
1058 4405 1273 4468 rorauaaetzong

68 4491 143 4545 einer
163 4489 395 4557 ursprunglichen
407 4491 574 4558 arimpraohe
594 4495 664 4560 ‹cap‘p
679 4493 715 4545 im
732 4490 908 4545 ionischen
928 4498 1004 4545 texte
1017 4490 1065 4545 des
1078 4489 1153 4556 Epos
1167 4487 1272 4543 stehen’

580 4599 582 4609 ,,
1064 4579 1108 4644 5*
