2956 5018
503 1036 569 1102 1v.
604 1036 855 1116 Epilogus.

175 1229 331 1311 Superest
353 1233 390 1294 ut
410 1247 470 1310 per
499 1234 643 1295 saturam
665 1231 819 1296 nonnulla
849 1251 931 1312 quae
955 1231 1060 1296 adhuc
1087 1225 1269 1306 reliquerim

86 1335 212 1401 intacta
234 1351 292 1414 pro
315 1331 400 1398 virili
422 1336 515 1413 parte
539 1334 706 1414 expediam
731 1340 829 1416 atque
851 1336 1026 1403 absolvam.
1061 1334 1132 1398 Non
1155 1330 1271 1397 sufficit

86 1437 244 1522 Hesychii
265 1436 374 1519 glossa
398 1442 574 1522 φαλεριαοῖ·
599 1439 738 1524 πέφρικα
762 1460 826 1520 qua
848 1440 951 1506 fretus
973 1438 1153 1504 homericae
1181 1435 1269 1503 vocis

88 1544 326 1633 φαληριάιουτες
353 1541 483 1623 longam
512 1541 656 1607 vocalem
687 1543 888 1623 productioni
917 1543 1069 1608 metricae
1100 1541 1268 1623 adsignes3

86 1651 182 1716 immo
205 1650 315 1732 glossa
336 1649 442 1714 labem
464 1648 575 1730 traxit,
598 1647 632 1714 iu
654 1649 809 1717 vocabulo
832 1648 992 1714 homerico
1016 1648 1102 1713 inest
1126 1654 1269 1733 φαλάρο-

86 1754 167 1819 illud
196 1772 257 1833 quo
281 1752 321 1817 de
350 1751 417 1834 egit
439 1751 617 1817 Buttmann
647 1753 732 1819 lenil.
756 1755 790 1819 ΙΙ
814 1757 893 1819 248:
926 1773 966 1819 ex
988 1751 1151 1835 Hesychio
1175 1757 1270 1815 enoto

88 1859 228 1947 φάληρα·
257 1857 349 1923 λευκά
378 1855 555 1943 uppetona
579 1860 770 1944 φρίσσοντα,
780 1859 805 1945 ¹)
830 1861 987 1947 φαλαρόν,
1014 1860 1135 1948 φαλιοί·
1162 1868 1269 1922 λευκο-

86 1966 238 2047 μέτωιτοι,
268 1961 446 2049 εάφάλαρα·
471 1962 611 2046 λαμπρά.
658 1962 863 2031 Adiectivum
894 1965 1029 2030 denotat
1050 1984 1103 2030 res
1134 1982 1269 2043 quarum

86 2088 212 2134 summa
227 2087 304 2150 pars
327 2068 400 2135 albo
415 2068 522 2133 colore
543 2067 679 2150 insignis
695 2068 787 2151 est.²)
822 2069 929 2134 Lusus
953 2067 1155 2150 etymologici
1171 2084 1270 2131 causa

85 2172 217 2255 ignotus
248 2172 358 2255 epirus
388 2172 462 2258 (Rh.
486 2172 568 2237 Mus.
592 2172 741 2237 XXXIX
764 2172 841 2258 278)
870 2173 1035 2238 coniunxit
1056 2173 1270 2257 Λαμπετίδης

87 2276 248 2363 φαλφράς,
286 2277 371 2342 sicut
404 2276 539 2344 Ovidius
573 2276 655 2342 dixit
689 2277 837 2343 ‘candida
871 2278 1067 2360 Lampetie,
1107 2276 1269 2359 Vergilius

87 2381 314 2465 ‘Plemmyrion
337 2381 515 2462 undosum',
539 2379 744 2462 Shakspeare
768 2381 922 2446 ‘admired
944 2380 1114 2446 Miranda’.

172 2486 223 2551 Ab
256 2486 316 2551 hoc
346 2485 509 2553 diversum
541 2493 684 2571 φαληρο-
714 2484 748 2550 in
778 2485 1022 2572 τιτραφάληρος
1051 2485 1135 2566 quod
1164 2503 1268 2565 neque

84 2595 173 2654 recte
197 2590 375 2656 Buttmann
399 2589 596 2676 τετράλοφου
613 2589 682 2654 ‘mit
704 2589 774 2656 vier
796 2590 962 2676 (weissen)
986 2589 1268 2675 Ηθ11υ1υῑλεο1λοη’3)

84 2695 320 2777 interpretatus
351 2700 402 2761 est
430 2733 470 2742 -
500 2715 575 2760 narn
610 2696 650 2760 ab
682 2694 756 2762 aevi
789 2685 952 2761 homerici.
976 2714 1064 2761 more
1094 2695 1270 2760 abhorrent

84 2801 200 2883 galeae
222 2800 295 2882 plus
311 2800 444 2883 singulis
460 2800 567 2866 cristis
583 2800 751 2886 oruatae⁴)
769 2838 807 2846 —
825 2805 859 2865 et
873 2800 1031 2865 immerito
1049 2819 1120 2865 curn
1138 2798 1268 2884 φάλάρα

85 2905 252 2971 coniunxit
280 2904 399 2988 Helbig
417 2906 529 2990 thom.
559 2904 649 2986 Epos
677 2904 753 2970 etc.2
783 2905 871 2991 308).
918 2905 1093 2991 τρυφάλεια
1124 2904 1167 2988 (Σ
1193 2903 1267 2967 458.

89 3016 118 3074 T
134 3012 207 3076 380.
237 3009 315 3095 382)
338 3040 359 3064 =
383 3010 581 3095 τετράφαλος
605 3007 656 3093 (Χ
676 3009 754 3094 315)
786 3008 826 3074 de
850 3009 962 3074 eadem
992 3009 1096 3091 galea.
1141 3004 1269 3071 Nemini

84 3115 262 3202 τρυφάλεια
285 3116 418 3180 subesse
441 3118 591 3179 neutrum
612 3112 646 3178 in
669 3140 722 3190 -ος
745 3112 796 3199 (τὸ
820 3112 953 3199 ’φάλος)
981 3131 1059 3178 vero
1090 3110 1268 3192 proximum

85 3224 146 3285 est.
190 3220 330 3306 χρυσέην
353 3219 547 3306 τρυφάλειαν
572 3219 632 3282 199
660 3218 799 3299 sumpsit
820 3217 909 3283 Scuti
932 3221 1046 3281 auctor
1073 3235 1114 3280 ex
1136 3213 1268 3279 Homeri

83 3322 301 3405 descriptione
324 3328 353 3388 E
367 3326 429 3389 743
445 3343 492 3404 sq.
517 3321 571 3408 (cs.
588 3321 683 3387 etiam
706 3320 756 3386 Sc.
773 3325 835 3388 223
858 3353 880 3377 =
903 3321 1032 3405 Elei),
1056 3320 1109 3385 ubi
1131 3319 1267 3402 legimus

157 3513 176 3581 ¹)
194 3515 211 3569 i.
228 3531 250 3568 a.
262 3514 328 3569 ‘sich
344 3512 501 3568 krliuselnd'
519 3512 553 3566 de
566 3512 645 3567 undis
658 3512 768 3579 dictum,
780 3515 951 3581 φυλάσσεται·
970 3514 1142 3565 terrestrum
1156 3513 1267 3583 άφρλζει

83 3602 163 3670 Hes.;
182 3600 258 3656 deest
271 3601 327 3656 albi
340 3602 437 3656 coloris
453 3601 622 3669 significatio,
641 3600 746 3669 plenius
765 3598 859 3667 Heyue
872 3598 942 3652 ‘Wie
960 3598 1168 3664 schwarzgrdne
1181 3597 1268 3652 Rosse

83 3689 134 3742 mit
152 3688 288 3742 silberneu
307 3688 427 3743 Mlihnen
446 3703 580 3756 sprangeu
600 3687 644 3741 die
661 3684 738 3741 meisa
756 3683 949 3751 gekreuselten
969 3683 1093 3737 Wellen’.

154 3776 320 3848 ’1φαλαρόυ
349 3774 450 3829 animal
476 3773 589 3844 quodvis
616 3774 691 3828 cuius
719 3777 749 3827 ἐν
770 3773 892 3841 μετώπῳ
916 3771 1014 3825 λευκὸν
1038 3769 1114 3838 σῆμα
1140 3774 1265 3822 τέτυκται

86 3871 115 3917 ψ
131 3869 190 3917 454.
227 3861 379 3917 Schroeder
396 3861 491 3916 zfun.
511 3861 615 3915 XXXV
634 3864 682 3913 237
704 3875 760 3928 sqq.

156 3953 177 4020 ⁸)
196 3951 289 4006 Aleae.
310 3956 349 4017 15,
369 3956 384 4003 2
404 3951 496 4005 λεῦκοι
516 3956 612 4003 ἵππιοι
631 3949 721 4018 λόφοι.
758 3945 848 4001 Aliter
869 3952 961 3999 tamen
982 3951 1005 3999 0
1024 3949 1074 3997 5³8
1093 3944 1179 4013 λόφος
1198 3950 1266 4014 φοί-

83 4058 141 4092 νικι
160 4038 286 4108 φαεινός.

155 4126 175 4194 ⁴)
192 4131 220 4179 Σ
235 4130 284 4178 612
304 4126 338 4192 (T
355 4125 432 4192 383);
451 4122 485 4177 oi.
505 4131 598 4178 contra
617 4119 714 4177 Aesch.
734 4119 808 4187 Sept.
829 4125 876 4172 361
897 4120 976 4188 (382).
994 4116 1027 4170 ir.
1042 4121 1083 4185 74,
1095 4124 1119 4171 6.
1138 4121 1185 4175 Ar.
1198 4120 1265 4175 Ach.

83 4220 144 4270 965.
166 4214 230 4268 Pac.
251 4219 324 4268 lllll.
349 4213 429 4278 Varg.
449 4214 515 4265 Aen.
535 4211 586 4264 VII
607 4215 663 4268 185.
689 4209 737 4263 Sil.
756 4210 788 4263 It.
807 4208 831 4261 V
852 4214 908 4262 134.
933 4209 1029 4263 Journ.
1048 4205 1079 4260 oi
1098 4206 1169 4264 Hell.
1189 4206 1265 4263 stud.

83 4301 121 4357 lv
148 4307 186 4355 ll.
223 4302 371 4357 Buttmann
398 4305 492 4367 aperte
520 4298 655 4353 refutatur
681 4314 760 4352 versu
785 4304 815 4353 Λ
841 4303 872 4350 λλ
901 4296 946 4350 ubi
973 4297 1169 4369 τετραφαλάρφ
1196 4311 1265 4350 uuus

83 4386 214 4443 tribuitur
239 4390 332 4460 λόφος.
369 4385 449 4457 Apud
467 4385 615 4439 Homerum
638 4389 783 4459 τριλοφίας
802 4401 836 4440 ne
863 4386 1026 4440 levissimum
1051 4383 1158 4453 quidem
1176 4383 1265 4438 iuveni

83 4477 237 4544 vestigium.
