2956 5018
680 232 916 295 -396-

200 414 281 479 Nam
307 420 338 479 Γ
355 419 396 481 86

441 506 553 557 κέκλυτέ
571 523 636 569 μευ,
658 505 747 574 Τρῶες
767 509 814 556 καὶ
833 504 1000 572 ἐυκνήμιδες
1021 508 1138 572 Ἀχαιοί,

443 592 542 653 μῦθον
561 590 754 662 Ἀλεξάνδροιο
773 594 829 643 κτλ.

200 673 353 739 aliorsum
384 680 534 756 spectare
565 678 617 742 vel
648 678 821 760 genetivus
854 705 915 759 μευ
945 683 1193 762 commonstrat3
1230 678 1394 760 nunquam

199 775 284 842 enim
308 777 469 843 Homerus
500 778 600 845 uliam
623 781 708 858 τινός
731 809 760 846 τι
788 780 837 846 ita
864 780 965 857 dixit,
995 790 1033 847 ut
1062 781 1236 864 genetivus
1266 802 1333 848 non
1356 804 1395 849 er

199 879 386 945 accusativo
409 882 547 947 nomhris
570 885 729 965 penderet
751 884 918 968 (Krueger
940 885 973 949 ΙΙ
997 888 1049 965 11,
1074 889 1122 966 10,
1141 887 1170 949 Ι.
1194 885 1290 951 Ebel.
1316 907 1341 950 e.
1365 907 1394 952 v.

200 985 263 1048 836
296 984 355 1048 col.
385 985 491 1049 dextr.
523 988 598 1070 en).
652 987 741 1070 Ergo
772 987 951 1054 orationem
983 988 1124 1069 elhptice
1159 988 1394 1055 conformatam

200 1105 273 1152 esse
310 1089 525 1155 concedamus
562 1097 693 1170 oportet
731 1098 768 1156 ut
805 1110 845 1156 ex
884 1092 1010 1156 κέκλυτε
1049 1090 1142 1171 quasi
1180 1093 1396 1158 subaudiatur

200 1189 337 1255 aiterum
368 1190 459 1256 κλύτε
489 1192 540 1258 cui
562 1194 758 1259 adnectatur
788 1193 904 1260 obiecti
939 1195 1146 1260 accusativus
1175 1201 1285 1276 μῦθον
1309 1205 1394 1264 Αλε-

200 1292 358 1374 ξάνδρου.
405 1295 501 1361 ‘Hdrt
529 1296 611 1361 mich
635 1300 692 1363 an!
727 1299 908 1363 Vernehmt
937 1299 1001 1365 den
1024 1298 1207 1380 Vorschiag
1236 1299 1297 1364 des
1320 1301 1394 1365 Ale·

199 1397 352 1461 randerl’
376 1399 429 1464 vei
453 1405 490 1465 ut
511 1400 645 1482 propius
660 1401 703 1465 ad
726 1420 847 1484 graeca
869 1402 973 1467 verba
991 1401 1128 1466 accedat
1149 1401 1394 1484 interpretatio:

200 1503 295 1568 ‘Hbrt
316 1506 376 1570 her
399 1505 459 1571 auf
477 1506 570 1586 mich,
595 1505 697 1591 (hbrt)
722 1506 785 1570 den
807 1504 990 1586 Vorschiag
1013 1504 1071 1570 des
1095 1503 1186 1569 Al.!’.

5 1610 380 1690 avvouod
410 1611 537 1676 κέκλυθι
568 1609 748 1676 hominibus
781 1609 859 1674 deos
881 1607 1109 1674 invocantibus
1139 1605 1209 1672 iere
1232 1627 1299 1674 non
1322 1629 1393 1690 pro-

200 1710 296 1774 batur
317 1711 381 1776 iam
412 1713 526 1778 mirum
558 1732 630 1778 esse
661 1712 766 1778 desiit.
813 1712 915 1776 Esset
945 1710 1028 1776 enim
1059 1709 1091 1774 in
1123 1711 1186 1775 hac
1215 1729 1253 1776 re
1283 1711 1394 1778 immo·

199 1813 322 1879 destius
350 1816 534 1897 urgentium
558 1834 618 1881 nec
641 1814 849 1881 satisfaceret
871 1813 999 1882 omnino
1023 1812 1190 1879 exorantis
1214 1815 1318 1880 menti
1342 1816 1396 1896 qui

198 1924 352 1983 nontam
376 1925 412 1985 ut
441 1939 567 1985 aures
597 1921 831 1986 advertant
861 1917 1052 2002 (κέκλυθιν)
1085 1936 1182 1998 quam
1212 1922 1251 1982 ut
1278 1908 1398 2000 preco'ss

198 2021 435 2088 exaudiant
464 2022 586 2109 (κλῦθι)
611 2024 769 2089 caelestes
797 2041 915 2105 rogare
939 2022 1031 2087 solet.
1078 2021 1174 2086 Hanc
1196 2022 1394 2089 exaudiendi

198 2124 296 2208 vim²)
330 2126 466 2209 simplici
496 2129 604 2195 inesse
638 2127 787 2193 declarat
813 2124 964 2207 Sapphus
994 2143 1021 2191 c.
1049 2126 1066 2190 I
1097 2125 1132 2210 (5
1155 2126 1241 2212 sqq.)
1273 2128 1394 2193 οἴκοιο

198 2227 363 2312 κάτέρωτα
387 2237 444 2309 τᾶς
467 2233 546 2315 ἔμας
571 2231 671 2310 oddag
696 2230 807 2296 ἁΐοιαα
833 2229 928 2317 πήλυι
950 2231 1054 2306 ἔκλυες
1077 2229 1097 2293 i.
1115 2248 1142 2293 θ.
1161 2231 1244 2294 ‘cum
1260 2232 1394 2299 auribus

197 2351 301 2398 meam
318 2353 430 2399 vocem
446 2336 558 2416 procui
573 2334 785 2417 percepisses
803 2333 985 2400 exaudisti.
1015 2332 1061 2398 Cf.
1076 2331 1174 2397 etiam
1190 2341 1227 2399 A
1237 2336 1313 2400 453.
1330 2339 1393 2401 455

441 2440 514 2505 p’piv
534 2438 565 2503 (λη’
586 2437 647 2491 ποιἸ
667 2439 736 2492 (ned
757 2440 849 2507 παρος
869 2440 962 2496 ἔκλυες
981 2438 1161 2507 εὐξαμένοιο,

439 2523 483 2590 ηδ’
502 2528 542 2578 ἔτι
562 2532 607 2578 καὶ
628 2529 681 2578 νῦν
699 2544 751 2593 μοι
770 2524 829 2578 ro'd'
849 2528 1021 2597 ἐπικρήηνον
1040 2525 1141 2596 ἐέλδωρ

198 2611 283 2678 unde
314 2613 466 2679 continuo
497 2613 633 2678 efficitur
662 2615 761 2678 κλῦθί
785 2640 845 2695 μευ
875 2616 936 2679 451
963 2612 1035 2698 (37)
1059 2642 1080 2666 =
1103 2611 1174 2678 τόδ’
1202 2613 1394 2698 ἐπικρήηνον

198 2717 314 2797 ἐέλδωρ
337 2719 402 2782 455
433 2716 522 2800 (τόδε
543 2745 600 2798 μοι
629 2716 765 2803 κρήηνον
795 2717 912 2800 ἐέλδωρ
935 2716 1002 2802 il).
1048 2715 1154 2782 Aliter
1182 2716 1282 2796 plane
1311 2717 1392 2782 acci·

196 2818 349 2898 piendum
385 2821 525 2888 Junonis
558 2822 664 2888 natae
703 2823 831 2887 κέκλυτε
864 2822 896 2886 h.
926 2823 957 2886 h.
993 2822 1055 2903 Ap.
1092 2824 1156 2887 334
1191 2823 1278 2901 quod
1314 2822 1393 2888 nihii

197 2921 348 2987 differta
377 2943 558 3007 synonymo
583 2924 742 2991 ἀκούσατε
772 2927 834 2991 331
868 2924 908 2989 de
936 2923 1027 2989 cuius
1056 2923 1330 3005 interpretatione
1352 2944 1393 2991 ne

197 3026 286 3091 dubii
315 3027 508 3092 haereamus
531 3026 674 3093 efficiunt
696 3026 808 3093 addita
838 3028 893 3091 nai
924 3026 997 3092 δότε
1027 3031 1137 3091 παῖδα.
1185 3027 1268 3092 Nam
1299 3035 1392 3094 κλῦθι

195 3129 390 3210 imperativo
413 3130 515 3196 sicubi
539 3131 673 3196 ‘erhbre'
697 3130 789 3197 vaiet
811 3132 852 3195 ab
883 3131 1025 3196 Homero
1048 3148 1212 3210 nunquam
1243 3130 1277 3195 id
1306 3133 1393 3213 quod

198 3237 353 3298 exoratur
369 3253 430 3314 ope
445 3232 626 3314 particulae
642 3235 698 3298 καί
712 3232 907 3299 adnectitur.
932 3232 1022 3315 Ergo
1038 3235 1165 3298 κέκλυτε
1181 3239 1216 3297 et
1231 3231 1392 3300 ἀκούσατε

197 3334 258 3399 hoc
286 3335 357 3400 loco
386 3335 472 3402 idem
503 3335 616 3403 valent
638 3335 724 3416 quod
749 3338 856 3401 ‘aures
879 3334 1064 3416 adramiae,
1094 3335 1220 3416 quicum
1245 3339 1393 3419 apprime

197 3439 351 3505 convenit
365 3438 451 3519 quod
466 3439 490 3504 J
491 3457 554 3503 uno
574 3436 799 3504 vociferationi
815 3437 966 3521 (κέκλυτε,
980 3434 1154 3522 ἀκούσατε)
1174 3437 1268 3504 addit
1282 3441 1393 3520 pulsa·

197 3541 315 3607 tionem
334 3542 552 3628 (καταπρηνεῖ
565 3542 592 3606 δ’
614 3542 710 3608 ἔλασε
723 3541 829 3626 χθόνα
845 3543 918 3621 333,
937 3542 1035 3623 iiuada
1050 3540 1156 3625 χθόνα
1172 3544 1261 3626 χειρί
1276 3547 1394 3634 παχείῃ

196 3644 285 3730 340),
309 3645 457 3711 nimirum
473 3652 511 3711 ut
526 3647 649 3712 Terrae
669 3650 704 3710 et
718 3650 900 3710 ceterorum
924 3663 1021 3710 aures
1036 3644 1069 3709 in
1092 3663 1165 3711 sese
1180 3646 1242 3711 hac
1265 3665 1302 3713 re
1319 3667 1392 3714 con·

196 3752 357 3813 verteret:
382 3749 496 3815 eodem
511 3750 652 3816 tondunt
667 3754 701 3814 et
723 3767 787 3815 vox
803 3753 837 3814 et
859 3767 974 3813 manus
991 3745 1119 3832 (Rohde
1142 3748 1271 3832 Psyche
1291 3753 1392 3837 1112).

269 3905 288 3969 ¹)
306 3902 338 3956 In
357 3908 472 3959 κέκλυθι
492 3924 538 3958 -ιε
556 3905 631 3958 velut
650 3919 766 3972 regnare
778 3912 806 3958 et
824 3902 991 3969 superiorem
1009 3917 1069 3958 csse
1082 3902 1235 3970 particulae
1254 3905 1393 3961 notionem

197 3987 264 4042 ordo
283 3988 370 4043 docet.
399 3989 535 4043 Attendas
554 3988 638 4043 etiam
652 3995 780 4042 accentus
799 3990 827 4042 in
840 3990 936 4044 vocula
955 4007 983 4044 ce
1001 3990 1130 4045 collocati
1148 3991 1269 4059 vimque
1288 3994 1394 4046 *cidare

196 4075 224 4127 in
243 4084 305 4127 cene
323 4082 493 4128 contractum
513 4083 563 4129 est.

268 4161 288 4226 ¹)
308 4161 398 4215 Sicubi
418 4161 471 4216 hac
488 4161 598 4216 notione
616 4161 727 4215 verbum
746 4163 858 4229 ponitur
876 4162 997 4217 dativum
1016 4164 1128 4219 trahere
1146 4171 1239 4232 potest
1256 4166 1336 4222 cuius
1355 4167 1394 4221 rei

196 4245 322 4314 exempla
341 4247 517 4315 suppeditant
536 4248 710 4303 Baumeister
734 4249 769 4302 ad
794 4248 821 4302 h.
847 4249 874 4302 h.
897 4248 924 4302 ΙΙ
951 4255 997 4302 151
1024 4249 1070 4304 ubi
1095 4259 1188 4306 tamen
1213 4269 1247 4306 ex
1270 4259 1318 4307 159
1338 4274 1394 4324 μευ

196 4332 382 4399 reponendum
402 4333 481 4391 libel.
499 4349 521 4388 s.
540 4350 564 4387 v.
577 4336 650 4388 κλύω
669 4338 711 4399 (et
729 4337 849 4401 duodwl3
868 4333 941 4389 addo
960 4334 1110 4402 Melanipp.
1130 4343 1155 4404 o,
1177 4344 1188 4391 1
1209 4338 1261 4407 (ΙΙΙ
1282 4341 1394 4408 elffii)

196 4418 280 4471 κλῦθί
297 4436 365 4487 μοι;
392 4417 457 4472 ibid.
480 4418 512 4473 fr.
538 4419 582 4474 ad.
601 4425 634 4473 82
657 4421 710 4488 (ΙΙΙ
736 4427 803 4487 clo).
840 4420 967 4477 Notionis
986 4422 1199 4492 discrepantiam
1218 4440 1272 4479 uon
1300 4425 1395 4482 debuit

195 4519 309 4573 prorsus
328 4503 472 4572 neglegere
493 4504 608 4560 Manrad
628 4512 669 4561 9⁵.
