2956 5018
550 252 786 312 -411-

67 444 225 519 repetunt
247 438 355 503 Sonne
379 439 446 503 KZ.
470 438 502 502 X
525 439 589 501 364
619 437 764 501 Solmsen
789 438 905 502 XXIX
929 440 990 502 357
1009 457 1055 516 sq.
1081 438 1131 501 oui
1154 445 1264 503 tamen

67 545 110 609 de
133 543 314 624 productae
337 542 460 609 vocalis
483 541 608 624 origine
631 540 787 604 accedere
810 558 935 620 nequeo
958 541 1145 606 Johansson
1166 543 1264 606 XXX

67 651 133 713 419
167 647 222 729 qui
259 660 295 711 uo
329 667 369 712 ex
405 674 421 710 o
458 646 524 711 ictu
561 644 682 710 iactum
721 642 909 708 arbitratur.
960 644 1033 725 Qua
1070 642 1103 707 in
1137 662 1173 707 re
1208 644 1262 708 ad·

67 752 289 834 stipulandum
313 769 386 815 esse
409 750 479 816 viro
503 749 688 814 doctissimo
711 766 901 829 persuasum
925 748 1040 828 habeo,
1070 766 1264 827 quamquam

67 875 153 937 quae
187 855 258 936 ipse
288 854 321 919 in
355 853 449 921 buius
484 851 634 920 vocabuli
668 871 728 916 usu
762 850 924 915 homerico
954 849 1146 931 explicando
1180 850 1262 930 peri-

66 959 201 1024 clitatus
231 977 301 1024 sum
331 957 457 1023 incerta
485 962 519 1022 et
547 955 672 1022 lubrica
702 975 774 1020 esse
805 974 869 1021 non
899 954 1075 1020 dissimulo.
1122 954 1266 1019 Videant

67 1062 231 1129 acutiores
255 1067 289 1126 et
303 1060 379 1126 boni
402 1060 573 1125 consulant
589 1078 674 1140 qnae
697 1059 784 1124 haud
801 1058 866 1124 scio
889 1077 931 1124 an
954 1058 987 1123 in
1003 1057 1139 1124 aliorum
1156 1057 1263 1139 potius

67 1187 161 1233 nsum
185 1185 282 1248 quam
304 1165 338 1231 iu
360 1183 466 1230 meum
490 1162 685 1245 collegerim.

443 1319 487 1383 ΙΙ.
520 1321 669 1402 Στίχοι
702 1323 890 1403 dayupor'.

154 1444 267 1508 ldorae
298 1439 461 1505 delectum
483 1439 516 1504 in
547 1438 651 1504 medio
682 1459 780 1506 versu
803 1439 905 1505 sicubi
934 1447 1052 1521 poetae
1076 1440 1262 1519 admittunt,

68 1550 182 1631 στίχον
205 1543 345 1629 λαγαρὸν
370 1562 443 1608 esse
473 1542 598 1608 metrici
627 1549 752 1609 notant.
766 1545 788 1629 ¹)
821 1545 928 1629 Quod
962 1563 1198 1625 quamsaepe,
1229 1543 1262 1608 11

66 1650 156 1717 arsin
173 1668 243 1715 cum
259 1646 383 1714 incidat
405 1647 532 1730 syllaba
548 1647 727 1713 terminalis
743 1655 863 1714 natura
882 1648 1035 1734 brevisl)
1059 1668 1119 1714 usu
1135 1646 1264 1714 venerit

65 1755 153 1820 inter
183 1772 294 1818 omnes
325 1758 454 1817 constat
476 1771 536 1816 neo
566 1750 658 1816 nobis
689 1751 836 1832 quaestio
866 1753 940 1833 plns
971 1753 1070 1818 semel
1101 1750 1263 1816 accuratis

66 1859 209 1924 virorum
248 1858 415 1923 doctorum
453 1857 727 1940 disputationibus
764 1861 968 1937 pertractata
1008 1857 1114 1921 denno
1156 1854 1261 1920 redin-

65 1961 260 2044 tegrabitur.
313 1962 358 2026 At
390 1961 601 2028 inveniuntur
635 1969 768 2044 praeter
801 1961 896 2028 huius
929 1961 1082 2027 licentiae
1113 1959 1263 2040 exempla

66 2067 229 2148 digammo
251 2066 474 2147 intermortuo,
498 2065 582 2131 ictus
607 2066 648 2148 vi,
672 2066 904 2148 pronuntiandi
926 2064 1112 2145 interstitio,
1143 2068 1263 2128 natura

64 2168 304 2249 insequentium
342 2187 557 2234 consonarum
594 2169 690 2235 facile
728 2174 885 2234 excusata
922 2169 1021 2234 etiam
1058 2186 1173 2235 versus
1208 2166 1262 2248 qni

64 2293 138 2338 cum
161 2272 246 2338 thesi
269 2272 365 2337 alicui
395 2290 486 2336 mora
508 2271 594 2336 desit
620 2273 773 2354 graviore
800 2273 896 2339 metri
918 2273 1054 2339 vulnere
1077 2278 1176 2352 atque
1207 2271 1262 2338 vix

65 2383 163 2443 etue
194 2376 249 2442 vix
280 2375 408 2457 quidem
438 2375 601 2442 tolerabili
627 2377 778 2442 laborare
806 2377 991 2443 videantur.
1038 2376 1125 2460 Quos
1150 2375 1262 2441 ordine

62 2483 126 2547 hoc
149 2480 257 2562 capite
279 2498 474 2561 percensere
496 2480 530 2545 in
554 2481 660 2546 animo
684 2487 744 2546 est.

152 2585 192 2650 In
221 2584 327 2665 prima
357 2603 472 2650 versus
496 2583 616 2649 heroici
640 2584 723 2664 pede
751 2591 826 2666 post
853 2601 965 2651 vocem
995 2583 1205 2665 spondiacam
1228 2585 1261 2650 in

63 2688 211 2754 vocalem
234 2686 436 2752 desinentem
459 2687 582 2753 hiatmn
597 2707 661 2753 non
684 2688 732 2753 ita
748 2687 844 2753 anxie
865 2687 983 2754 evitari
1006 2687 1116 2752 docuit
1132 2688 1262 2753 Bekker

63 2793 149 2858 HBl.
173 2793 190 2856 I
216 2793 295 2873 1383
328 2791 367 2856 cf.
392 2791 566 2858 Hoffmann
589 2793 650 2875 Qu.
673 2792 756 2857 hom.
781 2792 873 2856 155.
920 2791 990 2874 Quo
1018 2792 1146 2857 accedit
1175 2793 1261 2873 quod

64 2896 148 2978 epici
170 2895 367 2963 vetustiores
389 2915 431 2960 ne
455 2897 585 2979 dactylo
609 2896 737 2976 quidem
761 2893 1002 2977 antegressum
1025 2894 1144 2976 pedum
1168 2895 1261 2976 primi

63 2999 264 3079 alteriusque
299 3018 455 3081 compage
485 2999 616 3066 vocales
649 3000 779 3065 hiantes
811 2998 1061 3079 perhorrescere
1097 2999 1259 3079 videntur,

63 3102 216 3168 Gerhard
238 3103 313 3167 lect.
331 3103 437 3185 Apoll.
457 3107 516 3168 111
535 3122 593 3186 sq,
616 3104 791 3172 Hoffmann
806 3105 827 3171 l.
845 3107 865 3171 l.
883 3109 934 3188 91,
960 3106 1071 3171 Knoes
1087 3106 1152 3188 dig.
1169 3106 1186 3170 Ι
1206 3109 1260 3172 41.

63 3207 157 3271 Haeo
183 3205 307 3287 primae
337 3205 424 3271 sedis
454 3207 587 3288 propria
617 3213 715 3289 atque
745 3209 939 3292 peculiaria,
972 3229 1055 3291 quae
1083 3210 1165 3276 alias
1195 3230 1260 3275 uon

63 3311 282 3375 observantur
322 3309 385 3375 nisi
427 3311 459 3375 in
502 3330 640 3378 caesura
678 3313 839 3394 bucolica,
882 3313 1062 3380 rectissime
1104 3314 1260 3395 explicari

64 3413 206 3478 arbitror
228 3412 368 3479 diaeresi
391 3432 455 3494 qna
477 3420 553 3494 post
574 3415 711 3496 primum
734 3416 850 3497 pedem
873 3417 901 3481 si
916 3416 949 3481 in
972 3417 1061 3483 vocis
1081 3417 1259 3483 clausulam

63 3516 207 3582 excurrit
235 3516 447 3583 interstitium
482 3519 642 3600 quoddam
675 3519 849 3600 efficiatur,
881 3519 1057 3600 quamlibet
1086 3520 1186 3586 breve
1217 3521 1260 3585 sit

61 3619 152 3684 illud.
198 3621 369 3687 Diaeresin
400 3641 519 3690 revera
547 3623 581 3688 in
610 3625 673 3689 hac
702 3642 859 3705 compage
888 3624 994 3689 locum
1023 3624 1145 3689 habere
1176 3643 1257 3689 com·

62 3723 216 3802 probauit
237 3725 355 3790 Hartel
379 3727 470 3792 velut
499 3727 597 3793 tacite
619 3747 725 3808 neque
748 3726 814 3792 ullo
838 3727 878 3792 de
906 3727 969 3792 hac
991 3727 1064 3808 ipsa
1094 3746 1129 3792 re
1158 3729 1258 3794 verbo

61 3826 181 3892 iniecto
198 3830 479 3897 observationibus
503 3850 584 3912 quas
607 3831 648 3897 de
662 3831 923 3912 interpunctione
945 3830 1108 3896 homerica
1123 3832 1259 3913 protulit

62 3930 156 3996 Hom.
181 3929 272 3998 Stud.
304 3933 340 3999 1²
363 3937 421 4001 95:
457 3938 559 4002 20411
587 3936 621 4001 11
650 3935 741 4002 libris
765 3939 893 4001 ΑΓΔΚ
925 3938 987 4017 αβζ
1016 3942 1091 4017 post
1120 3935 1258 4016 primunr

61 4033 178 4114 pedem
201 4035 287 4116 quod
310 4035 358 4101 ita
380 4036 625 4120 interpungitur
647 4043 685 4104 ut
700 4037 904 4104 enuntiatum
927 4038 981 4105 vel
997 4038 1158 4105 enuntiati
1180 4058 1258 4120 pars

133 4175 152 4238 ¹)
171 4173 212 4230 cf.
232 4173 307 4228 locos
325 4190 351 4242 p.
372 4179 422 4227 311
441 4191 466 4228 n.
486 4182 502 4226 4
521 4176 628 4230 11111ο1.

132 4259 153 4326 ³)
171 4262 224 4317 ΞΙ
251 4265 383 4330 Νέστορα
409 4260 435 4312 ‹l'
459 4263 510 4313 urla
538 4265 639 4317 ἔλαθεν
663 4264 725 4333 lupi
756 4267 878 4320 11111111
907 4283 960 4336 περ
986 4270 1077 4335 ἔμπης
1102 4265 1258 4335 exemplum

60 4351 158 4413 στίχου
177 4348 302 4419 λαγαροῦ
321 4361 342 4400 1.
361 4347 446 4401 hiulci
465 4349 586 4402 metricis
604 4349 743 4405 sollemne.
771 4350 942 4406 Adleruntur
961 4353 987 4406 in
1007 4351 1102 4406 eadem
1116 4367 1146 4407 re
1164 4361 1257 4407 tamen

60 4433 144 4488 111111
162 4449 257 4490 versus
275 4452 344 4504 quos
361 4443 506 4503 corruptos
518 4453 578 4493 1111
596 4433 678 4490 hodie
690 4442 823 4492 certumst
840 4437 924 4505 (velut
942 4459 958 4490 κ
972 4444 1005 4491 10
1023 4439 1075 4508 βῆν
1095 4445 1133 4498 en
1151 4442 1258 4496 ‚ildico

59 4519 145 4573 alerci
167 4521 292 4591 δώματα·
312 4521 360 4576 τὸν
379 4522 408 4575 dr
429 4526 571 4593 κίχανον);
591 4523 624 4577 ci.
644 4523 726 4577 etiam
746 4523 837 4593 Bergk
857 4522 907 4591 Op.
928 4524 938 4576 1
959 4530 1008 4579 2111
1029 4541 1055 4584 n.
1076 4532 1116 4579 56.
