2956 5040
540 211 777 278 -nat-

52 404 144 486 quod
178 403 211 469 in
245 403 380 470 Homeri
413 403 609 470 carminibus
645 404 810 471 constanti
843 404 1024 471 mutatione
1057 404 1091 471 in
1127 403 1257 472 ὀνειόνα

53 510 275 591 depravatum
299 512 351 574 est
373 527 415 574 ex
437 508 547 575 lonico
579 527 604 574 s,
636 511 727 592 epioe
757 516 854 591 poeta
885 510 994 575 nescio
1025 528 1088 590 quo
1114 515 1259 591 —puta

53 617 222 700 ethyco
247 615 448 697 -petitum
479 634 552 682 esse
581 621 657 680 eta
687 615 900 697 grammatico
932 614 983 680 cui
1012 615 1053 680 de
1084 614 1154 679 eius
1184 634 1257 696 pro-

54 726 160 788 ventu
190 739 254 785 non
285 720 350 786 iam
381 721 555 786 constabat
583 725 719 801 propter
749 718 872 806 τροπὴν
902 725 959 785 τοῦ
990 746 1018 784 ει
1049 722 1094 796 εἰς
1124 749 1142 807 η
1174 739 1258 800 quae

54 824 187 891 Aeohdi
221 825 352 907 saepius
386 824 576 907 assignatur
609 822 753 907 (Ahrens
788 823 885 889 Diall.
925 824 941 888 Ι
973 826 1013 888 89
1045 841 1091 903 00.
1129 825 1170 888 32
1194 823 1257 909 sq.)

53 930 196 995 licenter
217 947 277 1010 pro
300 928 422 994 aeolico
446 928 669 1008 venditatum
702 946 798 1007 quam
830 927 1047 1010 suspicionem
1077 928 1188 1009 aliqua
1218 947 1259 993 ex

55 1041 154 1116 parte
182 1032 395 1115 comprobant
423 1033 496 1114 ipsa
527 1032 743 1098 Choerobosci
773 1034 890 1100 verba:
923 1032 1032 1119 ἐπειδὴ
1066 1033 1093 1098 οἱ
1126 1036 1259 1110 Αἰολεῖς

57 1138 282 1225 ηγρᾶφονσιν
310 1135 411 1216 alti,
437 1132 504 1203 οἷον
529 1134 661 1224 orpora·
686 1137 768 1203 κατὰ
799 1139 875 1216 ἔθος
904 1136 966 1223 γὰρ
999 1138 1107 1222 ἔχουσι
1142 1137 1201 1225 τήν
1232 1165 1256 1203 et

57 1244 238 1329 δίφθογγον
262 1243 306 1319 εἷς
330 1271 349 1327 η
374 1242 511 1327 τρέπειν.

146 1364 304 1430 Aionico
328 1362 428 1450 ὅνηαρ
456 1362 656 1428 descendere
685 1362 818 1429 Videtur
847 1361 903 1447 (cf.
929 1359 1052 1441 οἶκτοςε
1084 1363 1257 1449 οἴκτιστος)

59 1470 122 1535 ion.
154 1468 377 1550 superlativus
413 1467 561 1555 ὀνήιστος
595 1468 753 1534 Heraclit.
790 1466 840 1532 ed.
872 1467 1032 1551 Bywater
1064 1467 1159 1550 frgna
1200 1471 1260 1533 114

60 1575 211 1656 Anaxag.
244 1572 338 1656 frgm.
364 1573 413 1639 10
451 1573 607 1653 (Mullach
637 1573 655 1637 Ι
686 1573 764 1658 250)
795 1572 919 1636 Phoen.
955 1571 1131 1653 Colophon.
1166 1575 1203 1652 3,
1242 1577 1257 1637 1

57 1677 157 1742 Mein.
182 1676 337 1762 (ἱστόροον
360 1675 508 1762 ὀνήιστος
536 1697 577 1743 ex
600 1678 682 1744 coni.
712 1677 849 1759 Hauptii
872 1676 991 1758 Opnsc.
1016 1677 1033 1741 Ι
1057 1678 1137 1758 236;
1173 1678 1258 1741 trad.

57 1780 205 1866 ἀστέρων
228 1779 410 1866 ὀνήιστος),
440 1781 532 1845 cuius
560 1780 818 1861 comparativum
843 1779 959 1868 ὀνηίων
990 1780 1111 1865 (neutr.
1137 1780 1260 1868 ἀνήιον)

23 1970 25 1973 ¹
56 1885 264 1969 grammatici
284 1885 325 1949 ad
348 1885 409 1949 hoc
433 1884 589 1965 temporis
612 1903 677 1949 non
696 1892 914 1967 agnoverunt,
939 1904 1133 1965 quamquam
1158 1886 1258 1951 mani-

35 1991 144 2056 10010
183 1988 438 2071 deprehenditur
471 1988 607 2054 Nicand.
639 1989 733 2054 Alex.
766 1991 828 2054 621
871 1989 996 2074 (πλεῖον
1029 1987 1090 2074 γὰρ
1126 1989 1259 2076 όνὴιον).

56 2093 191 2159 Erroris
215 2111 309 2173 quem
339 2092 498 2172 hodieque
528 2093 753 2177 lexicographi
775 2101 810 2160 et
840 2094 1045 2177 grammatici
1063 2101 1261 2177 propagant

57 2203 175 2263 auctor
198 2203 250 2261 est
263 2196 420 2261 Nicandri
443 2195 620 2262 scholiasta
635 2216 810 2279 perperam
834 2197 997 2285 ὠφέλιμον
1012 2199 1259 2280 interpretatus

57 2302 177 2379 Jonicp
215 2301 438 2382 comparativo
478 2300 588 2387 ὀνὴιον
624 2302 805 2383 respondet
842 2303 985 2369 doricum
1029 2301 1137 2368 ὀνάιον
1174 2303 1259 2387 (cod.

59 2406 195 2492 ὄνοιον)·
221 2404 330 2491 ἄρειον
346 2407 425 2472 Hes.
443 2407 498 2473 uhi
520 2406 615 2472 facile
631 2407 805 2490 intellegas
821 2407 946 2489 epicam
962 2408 1099 2472 formam
1116 2407 1225 2492 ἄρειον
1239 2438 1261 2461 =

59 2512 193 2594 ἄμεινον
231 2517 313 2600 λῷον
346 2514 387 2577 ab
421 2512 602 2593 interprete
636 2512 792 2578 adhiberi.
802 2513 828 2598 ¹)
880 2512 1007 2577 Eadem
1046 2510 1261 2592 comparativi

57 2615 164 2681 forma
198 2614 286 2680 haud
320 2615 386 2680 scio
417 2634 459 2680 au
492 2616 702 2697 agnoscenda
725 2617 769 2682 sit
798 2617 831 2682 in
855 2617 951 2683 titulo
982 2615 1157 2681 thessaHoo
1181 2615 1260 2682 Coll.

57 2740 108 2786 nr.
136 2719 572 2786 1333=ea11e1·²n1·.252
603 2719 650 2805 (v.
674 2740 750 2802 pag.
774 2720 853 2805 351)
884 2722 920 2784 οἰ
949 2720 1016 2784 ἔστι
1050 2717 1150 2786 αὐτοῦ
1181 2748 1259 2805 προ-

57 2825 229 2906 parilem
254 2823 361 2890 ὀνάιον
383 2825 440 2890 καί
455 2823 618 2911 ὠφέλιμον
640 2825 697 2890 ubi
719 2843 806 2890 nunc
830 2822 939 2890 ἔναιον
962 2823 1059 2888 scribi
1082 2824 1175 2890 solet.
1211 2825 1260 2891 De

57 2929 275 3011 comparativi
303 2928 336 2994 in
360 2927 480 2995 talibus
504 2947 565 2995 usu
589 2928 629 2994 cf.
654 2928 773 2994 CJAtt.
798 2927 833 2993 ΙΙ
865 2930 927 2993 162
958 2934 994 2993 01
1016 2927 1091 2993 add.
1122 2932 1151 2995 εἰ
1179 2935 1261 3018 λῷον

57 3036 114 3100 καί
145 3033 275 3116 ἄμεινον
306 3038 350 3121 τῷ
381 3032 470 3120 δήμῳ
501 3038 546 3121 τῷ
576 3031 758 3119 Ἀθηναίων
789 3032 902 3118 (ΒΘΗ.
930 3034 1013 3098 1889
1042 3052 1073 3114 p.
1101 3037 1165 3101 433
1190 3054 1259 3116 sqq.

56 3139 108 3203 tit.
137 3138 383 3207 0110135211.
415 3140 456 3203 23
489 3144 523 3203 01
553 3138 756 3223 21100011·
786 3138 799 3176 2
829 3159 878 3205 nr.
907 3140 981 3205 250.
1007 3139 1261 3221 231,Ηο101101

57 3243 125 3308 VH
151 3244 382 3325 1636100000
411 3243 444 3308 in
469 3242 656 3325 Thucydi
683 3247 753 3325 118,
778 3247 807 3310 3.
837 3243 872 3308 Π
898 3246 948 3324 11,
975 3245 1008 3325 2,
1033 3242 1205 3308 Rehdantz
1228 3244 1260 3309 in

56 3347 209 3429 Xenoph.
227 3349 332 3414 Anah.
350 3347 416 3414 VII
432 3349 462 3428 6,
475 3349 528 3411 44.
559 3345 707 3415 Positivo
724 3345 917 3434 (ὠφέλιμον)
941 3367 1013 3413 cum
1037 3347 1260 3428 comparativo

56 3452 230 3518 coniuncto
272 3471 336 3518 non
380 3450 542 3531 offendor,
578 3451 730 3531 qnoniam
768 3452 801 3517 in
839 3452 901 3517 hoc
937 3470 1041 3534 genus
1081 3452 1261 3518 enuntiatis

57 3559 303 3641 comparativus
326 3559 415 3626 haud
430 3559 478 3625 ita
498 3557 634 3624 multum
658 3557 796 3623 distata
819 3557 974 3639 positiva
999 3557 1039 3622 of.
1058 3575 1142 3638 qnae
1159 3555 1259 3620 ‹lisse-

58 3717 268 3727 ——-—--——-

131 3805 151 3868 ¹)
169 3803 287 3863 ὀνοίοιος
317 3801 403 3870 [cuius
430 3809 519 3858 nentr.
543 3816 584 3868 eg.
614 3801 643 3854 iu
674 3798 757 3855 titulo
784 3797 878 3868 cyprio
905 3799 1041 3853 invenisse
1069 3798 1183 3853 Meister
1210 3796 1260 3851 sihi

56 3890 176 3958 videtur]
195 3890 355 3958 ‘rergleicht
373 3890 430 3945 sich
451 3892 501 3944 mit
519 3897 568 3945 att.
582 3888 719 3955 ὀνήσιμος
738 3885 794 3940 und
814 3873 1061 3953 liegt'phonetisch
1082 3885 1261 3953 geschrieben

58 3976 164 4046 [Cyprii
189 3993 240 4044 pro
265 3994 294 4031 σν
319 3978 411 4046 potius
436 3973 696 4045 tpronuntiabant]
724 3989 773 4029 sor
790 3974 819 4028 in
847 3974 896 4028 der
923 3973 1124 4044 Hesychglosse
1152 3976 1260 4027 ὄνοιον·

57 4069 170 4137 ἄρειον,
189 4064 239 4119 aus
255 4064 299 4119 die
318 4064 420 4119 hereits
443 4065 554 4119 Deecke
577 4063 609 4116 B.
627 4061 677 4120 Ph.
698 4061 741 4116 W.
762 4066 828 4116 1886
854 4078 894 4116 nr.
913 4067 944 4114 41
969 4061 1022 4118 col.
1044 4066 1111 4114 1290
1134 4061 1261 4131 111111101;

58 4152 110 4206 das
124 4151 369 4221 Erkltrungswort
382 4155 483 4226 ἄρειον
495 4153 532 4207 101
549 4151 653 4206 meinos
667 4149 789 4204 Wissens
802 4150 831 4204 in
849 4148 938 4204 dieser
950 4147 1113 4216 Bedeutung
1131 4146 1262 4217 [όνάονον

57 4239 175 4294 ‘Bedarf
198 4240 245 4295 des
263 4237 401 4306 Tempels’
426 4240 628 4306 interpretante
647 4235 790 4306 Meistero]
810 4244 888 4291 sonat
910 4233 1040 4303 nirgends
1065 4235 1262 4305 nachweishar‚

58 4324 126 4379 aher
144 4342 197 4380 sou
221 4328 275 4397 α’ρ-
296 4328 366 4401 ‹ipe-
386 4326 541 4398 (οῐροοίσκον
567 4328 680 4399 11010110
700 4342 725 4379 ιι,
745 4330 781 4392 a.)
800 4327 909 4395 ‘paesen
929 4323 1020 4393 fdgen’
1040 4326 1076 4378 im
1103 4323 1186 4378 Sinne
1209 4339 1262 4377 von

59 4417 190 4483 ἄρμενον
223 4413 377 4483 [11010111ον
402 4440 435 4457 ==
460 4415 616 4485 ἱερώσυνον
645 4415 820 4483 Dittenherg.
850 4414 911 4485 syll.
940 4430 982 4468 nr.
1012 4414 1075 4483 291]
1103 4413 1262 4467 erhltrlich'

59 4500 174 4555 Meister
193 4501 277 4559 Diall.
297 4504 322 4555 11
343 4508 403 4557 202.
441 4504 504 4556 Nou
524 4512 565 4556 est
584 4519 633 4555 cur
652 4503 763 4558 verbum
781 4503 897 4558 acidam!

1053 4591 1116 4655 lh*
