2956 5040
558 210 796 278 -115-

74 403 241 490 ὀργείονας
265 402 300 488 (i.
324 421 352 468 e.
377 399 553 487 ’ὀργήονας
577 430 607 458 >
632 405 692 467 att.
718 399 887 487 ὀργεῶνεςς
923 402 963 467 cf.
989 400 1118 468 *auxenti
1141 409 1177 468 A
1200 404 1274 468 624.

72 511 136 574 641
160 507 182 573 1.
199 506 348 593 emmoni
368 512 402 572 et
425 505 574 572 ἀπατεώυ
596 503 837 590 1ομεώυ)11111·
859 511 979 587 poetae
1003 507 1106 573 verba
1127 506 1275 589 recipere

72 612 188 679 debuit
209 631 270 677 nec
292 630 479 694 propagare
500 611 656 676 librorum
680 607 841 696 tortorag.
857 610 944 689 quod
967 609 1037 676 sine
1061 610 1128 675 ulla
1158 612 1274 692 proba-

72 717 203 786 bilitate
224 716 258 782 in
280 715 462 782 nominibus
485 735 570 796 quae
592 714 626 781 in
649 715 724 780 -ι1υυ
746 720 869 780 exeunt
891 714 1077 783 numeravit
1099 715 1138 780 L.
1161 715 1277 799 Meyer

73 821 164 907 (Vgl.
188 818 245 886 Gr.
269 821 305 886 Π
326 821 417 906 469).
463 819 511 886 Of.
535 819 663 886 Gemoll
686 820 729 885 ad
752 819 812 884 loc.

162 926 216 991 Ad
239 925 458 992 coniecturam
477 932 626 992 Ποθεῖου
649 923 888 990 defendendam
911 923 1000 990 haud
1023 922 1089 988 scio
1113 941 1165 989 an·
1178 923 1278 989 liceat

73 1048 257 1112 provocare
280 1030 324 1095 ad
346 1028 466 1095 Knibel
488 1049 537 1095 nr.
568 1031 661 1111 1039,
689 1031 709 1094 2
734 1028 868 1094 [lidron
891 1029 991 1095 etad
1016 1029 1166 1095 Zonarae
1192 1032 1274 1094 1591

74 1134 196 1221 (Suid.)
219 1141 376 1201 Πυθεῖον·
400 1135 438 1201 τὸ
460 1146 612 1218 μαντεῖον
640 1135 710 1220 (ἐπὶ
732 1137 881 1201 Πυθειόυ
904 1135 973 1200 ΑΡ.
997 1134 1030 1200 X
1056 1137 1106 1216 17,
1129 1132 1166 1219 4)
1190 1134 1277 1214 quod

75 1259 252 1323 componas
282 1259 354 1306 cnm
389 1242 443 1306 ἐπὶ
477 1239 513 1307 τὸ
547 1238 683 1307 litator
715 1238 833 1306 Strati.
863 1238 1088 1322 trgm.37,1
1121 1239 1276 1305 ΙἸ22Κ.

75 1344 187 1411 Etiam
209 1344 243 1410 in
266 1345 404 1411 nummis
427 1344 600 1412 hincinde
623 1343 759 1422 Πύθεος
780 1343 921 1412 inveniri
944 1343 1051 1409 audio.

163 1448 302 1514 Versum
336 1448 367 1513 h.
401 1449 432 1515 lr.
467 1449 485 1515 Ι
518 1450 583 1515 496
617 1447 776 1536 (δέλφῑος)
817 1447 897 1517 vitio
934 1447 1088 1531 graviore
1125 1448 1277 1515 laborare

76 1557 217 1621 constat.

164 1657 214 1723 De
237 1656 400 1724 femininis
415 1657 448 1724 11
468 1654 525 1744 -iq
540 1656 708 1743 (Spitzuer
723 1658 764 1724 de
779 1674 880 1727 versu
895 1676 944 1741 gr.
967 1657 1098 1723 heroico
1115 1657 1172 1745 89)
1191 1657 1277 1724 infra

78 1780 223 1844 egenam
269 1760 474 1847 Ἐοιδυύρῑοο
497 1761 616 1829 Kaibel
638 1782 687 1828 nr.
715 1763 815 1845 1621,
843 1764 886 1827 35
909 1767 945 1828 et
966 1761 994 1828 si
1017 1781 1101 1844 quae
1132 1762 1277 1829 eiusdem

77 1871 176 1932 notae
213 1866 369 1949 leguntur
406 1872 466 1933 aut
501 1867 551 1933 his
589 1865 751 1933 femininis
789 1865 949 1950 audacter
986 1866 1185 1934 adsimulata
1219 1873 1279 1934 aut

77 1970 263 2054 aequiorum
287 1976 399 2037 errata
424 1976 511 2037 sunt.

165 2076 213 2143 Ut
234 2077 276 2143 ab
304 2076 438 2155 αἰπόλος
462 2076 614 2144 οῖοὸλῐου
641 2075 687 2162 (Β
708 2079 784 2142 414.
815 2084 852 2143 Λ
875 2078 949 2143 619.
981 2083 997 2155 ξ
1024 2080 1095 2142 161.
1128 2103 1145 2160 ρ
1170 2077 1233 2142 213
1256 2104 1278 2130 =

78 2211 98 2248 υ
128 2183 189 2247 114
211 2210 281 2270 ιφ
312 2184 385 2250 266.
417 2182 551 2249 Hesiod.
584 2181 707 2264 Theog.
734 2180 832 2267 445),
868 2200 889 2247 a
921 2179 1074 2264 βουκόλος
1107 2180 1280 2262 βουκόλῖου

78 2285 296 2373 (βουκολῖοιοι
315 2288 401 2369 quod
417 2286 625 2354 Baumeiater
640 2284 922 2354 Schneidewinum
946 2292 1112 2352 secutuse
1132 2286 1279 2369 margine

79 2392 150 2458 eod.
173 2392 202 2458 L
225 2392 351 2475 recepit
372 2393 403 2459 lr.
427 2392 458 2458 lr.
486 2391 626 2457 Mercur.
644 2392 725 2475 288;
750 2390 913 2457 Theocrit.
929 2391 1014 2457 VIII
1036 2393 1088 2456 39.
1112 2389 1210 2456 XXV
1228 2394 1277 2457 13.

79 2498 132 2564 95.
159 2498 245 2584 122),
269 2516 290 2563 a
311 2495 497 2584 βουφορβὸς
518 2494 723 2581 βουφόρβῖον
745 2494 874 2580 (Eurip.
898 2495 970 2577 Iph.
995 2495 1094 2561 Tadr.
1119 2494 1208 2580 301),
1237 2496 1278 2560 ab

80 2600 287 2689 ἱπποφορβός
310 2600 534 2688 ἱπποφόρβῖον
547 2598 814 2686 (Eu1'ip.Elecir.
828 2599 917 2686 623),
942 2619 962 2665 a
987 2600 1107 2686 ποιμήν
1127 2605 1280 2682 ποίμνῑον

79 2699 208 2792 (Eurip.
231 2705 325 2789 frgm.
352 2708 423 2788 188,
447 2706 478 2771 4.
510 2704 634 2770 6111111.
658 2703 690 2769 h.
714 2703 786 2768 Cer.
812 2705 864 2769 86.
896 2703 1060 2769 Theocrit.
1084 2703 1133 2769 vl
1155 2706 1185 2768 6.
1210 2703 1277 2788 21),

79 2829 101 2876 a
133 2810 292 2896 βοοβότης
324 2809 503 2894 βουβόοῖον
537 2807 676 2895 (Gallim.
700 2808 732 2874 lr.
755 2806 863 2889 Apoll.
886 2809 957 2892 50),
993 2807 1040 2874 sic
1069 2827 1091 2873 a
1121 2806 1280 2893 ὀυβότης

80 2899 239 2999 callidior
272 2914 440 2981 descendit
471 2914 672 3000 (συμπότηςι
707 2912 917 2999 συμπόσῖον).
971 2911 1126 2979 Suffixum
1160 2913 1194 2979 in
1228 2913 1280 2979 his

79 3020 213 3088 vocibus
244 3019 423 3086 adhibitum
447 3037 520 3085 osse
550 3019 753 3086 notissimum
784 3019 866 3086 illud
889 3048 955 3086 -ιο-
978 3025 1013 3086 11
1041 3039 1101 3103 per
1131 3037 1168 3085 se
1198 3018 1280 3085 satis

79 3129 221 3208 apparet
250 3131 285 3190 et
317 3123 477 3206 patefacit
505 3123 640 3190 Hesiod.
670 3124 837 3207 'Pheogon
868 3128 933 3191 441)
963 3130 1133 3208 βουκολίας
1164 3124 1281 3210 ἀγέλας

79 3248 143 3311 quo
166 3229 198 3294 in
230 3247 327 3297 versu
352 3227 549 3296 adiectivum
572 3227 606 3293 in
630 3256 697 3307 -ιος
727 3229 819 3295 cuius
842 3236 992 3296 neutrum
1015 3230 1049 3296 in
1081 3228 1281 3297 substantivi

79 3339 231 3400 naturam
255 3332 337 3400 abiit
358 3330 545 3398 etiamnunc
573 3330 746 3399 manifesto
776 3333 1059 3417 deprehendimus.
1105 3333 1209 3400 Recte
1239 3333 1280 3398 de

79 3438 295 3522 productione
318 3468 330 3505 ι
353 3438 476 3507 vocalis
498 3437 532 3504 in
556 3435 694 3519 συβόσια
717 3443 754 3503 Λ
777 3440 840 3503 619
865 3444 881 3517 ξ
907 3441 966 3505 161

295 3546 382 3598 τόσσα
401 3543 476 3597 συῶν
495 3544 628 3611 duplicia,
647 3541 705 3595 ndo*
725 3542 843 3596 arnolto
862 3540 956 3595 πλατέ’
976 3543 1065 3610 αἰγῶν

79 3632 121 3698 ob
145 3636 282 3697 metrum
306 3632 450 3698 admisse
471 3629 620 3697 iudicant
640 3627 838 3694 Euatethius
860 3627 906 3712 (p.
931 3630 1042 3711 8148
1067 3627 1203 3710 συβόοῐο
1228 3631 1280 3693 ἵνα

81 3740 280 3826 δακτυλισθῇ
303 3735 319 3802 ὁ
344 3737 523 3821 τρίβραχυς
546 3734 638 3818 πούς)
662 3731 805 3798 Leskiell
832 3732 883 3816 (O.
910 3731 1003 3798 Stud.
1031 3732 1066 3798 Π
1093 3732 1150 3819 72)
1177 3732 1280 3799 Wila·

80 3839 211 3907 mowitz
252 3838 385 3925 (Philol.
419 3838 615 3906 Unteranch.
646 3837 713 3903 VH
747 3837 827 3923 326)
861 3837 926 3903 olii.
977 3838 1041 3922 Qui
1077 3856 1148 3904 cum
1186 3837 1279 3904 codd.

82 3943 208 4011 Tovvnl.
251 3943 349 4010 Vind.
389 3941 543 4026 συβόσοιο
582 3941 851 4008 commendarunt
887 3940 943 4027 (cf.
982 3941 1134 4025 Spitzner
1168 3941 1209 4008 de
1248 3961 1279 4009 v.

80 4046 139 4114 Gr.
170 4048 238 4114 her.
263 4048 320 4134 86)
355 4066 411 4114 111
442 4047 574 4114 mirifice
603 4047 714 4128 lapsos
745 4065 819 4113 esso
848 4048 960 4131 arguit
989 4066 1281 4115 1111111ο11τ

81 4157 160 4219 ante
184 4181 196 4218 ι
219 4153 364 4222 vocalem
382 4158 464 4219 orta.
473 4152 498 4239 ¹)
529 4153 601 4236 Quo
624 4150 752 4217 accedit
784 4151 872 4232 quod
898 4152 966 4219 tale
995 4171 1112 4219 nomen
1140 4151 1175 4219 in
1198 4180 1283 4220 -εοου

28 4277 33 4282 ’
81 4275 123 4322 11
147 4257 301 4340 analogia
323 4256 453 4339 quidem
476 4256 558 4322 satis
573 4261 686 4324 tuetur
708 4256 846 4342 (Herod.
869 4257 905 4342 Π
926 4259 1001 4341 439,
1019 4260 1061 4325 29
1084 4259 1156 4326 coll.
1170 4263 1191 4326 5
1206 4259 1280 4345 11.)

155 4395 174 4462 ¹)
192 4393 352 4470 ὑπηρεσΐαν
376 4396 555 4465 Aristophan.
578 4397 662 4467 Vesp.
685 4402 749 4452 602:
778 4397 942 4470 ὑπηρετείος
973 4397 1074 4453 Kaibel
1102 4416 1142 4457 nr.
1162 4405 1237 4455 4311
1265 4405 1280 4454 6

81 4480 180 4550 (prael.
204 4483 289 4552 XIII).
326 4485 430 4538 lancta:
449 4485 555 4538 turrem
574 4484 677 4543 Herod.
697 4486 722 4542 ll
742 4491 801 4555 462,
824 4492 854 4541 16
873 4503 911 4555 sq.
932 4492 965 4539 24
985 4503 1042 4556 sqq.
