2956 5040
592 150 828 214 -261—

110 342 165 407 ΠΙ
188 343 286 406 caca.
323 296 511 423 Eita'mna}
534 337 573 404 oi.
598 343 837 406 ΗΙΛΕΙΘΥΑ
859 339 961 425 (vaso.
979 333 1054 425 att.)
1079 340 1116 406 Ο.
1134 341 1223 407 John
1248 341 1310 406 Be-

109 446 248 513 scbreib.
264 446 323 512 der
338 445 575 514 Vasensamml.
592 444 701 527 Kbnig
715 444 891 511 Ludwiohs
911 445 1058 511 CLVIII.
1077 445 1308 511 CLXXXVII.

109 553 323 618 Kretsobmer
356 552 424 617 KZ.
459 551 577 617 XXIX
611 552 685 617 444.
731 550 781 614 De
819 554 877 614 HI
906 580 928 603 =
962 549 990 613 εἰ
1022 548 1062 615 ef.
1097 549 1310 615 Kretschmer

108 657 130 721 l.
155 656 176 722 l.
200 659 264 723 403
289 676 336 736 sq.

196 795 298 880 Haec
319 794 466 860 sufficere
499 792 641 860 arbitror
675 793 717 858 ad
752 791 976 872 quaestionem
1010 791 1051 857 de
1084 791 1180 857 buius
1215 790 1305 857 vocis

106 899 213 965 forma
236 899 351 966 nativa
373 899 573 967 solvendam.
584 899 609 984 ¹)
650 898 681 963 A
703 896 815 962 radiae
838 900 936 961 0εο0
963 895 1027 961 duo
1057 896 1306 977 proficiscuntur

106 1004 240 1070 nomina
262 1010 341 1070 nota
363 1003 490 1070 ratione
512 1004 604 1068 licta:
637 1000 774 1068 Ἐλευθώ
805 1006 839 1067 et
869 1019 931 1082 ope
954 999 1191 1066 termInationis
1214 999 1304 1067 femi-

106 1108 193 1174 niuis
216 1108 366 1190 particip.
390 1106 524 1188 perfect.
549 1104 736 1189 propriam)
760 1102 928 1169 Ἐλεΰθυια
960 1102 1046 1185 dor,
1076 1102 1305 1190 *bincinam

107 1213 264 1278 debiliore
287 1211 407 1278 radicis
430 1211 538 1293 specie
554 1210 680 1276 adscita
704 1209 868 1276 Ἐλύθυια
885 1207 1055 1275 ”Elidem
1076 1207 1112 1294 (f.
1131 1214 1189 1276 att.
1207 1209 1303 1276 111λύ-
1378 1228 1380 1232 ’

107 1322 205 1393 beta).
252 1315 419 1382 ‘illelom
457 1315 715 1382 dissimulatione
753 1314 928 1400 quadam)
965 1314 999 1379 in
1032 1312 1190 1381 Ἐλείθυια
1224 1315 1305 1381 abiit

107 1421 193 1487 unde
219 1421 316 1487 etiam
341 1418 524 1486 Ἔλείθεια
548 1421 635 1501 quod
659 1447 692 1484 ευ
715 1419 748 1485 in
769 1447 794 1485 ει
818 1426 936 1501 sponte
958 1425 1087 1485 mutare
1109 1438 1174 1485 non
1198 1420 1305 1502 potuit

105 1525 342 1608 diphthongum
384 1525 577 1606 assumpsit:
617 1523 793 1590 ’Έλείθεια
829 1526 943 1589 subest
978 1523 1134 1590 boeoticis
1172 1525 1302 1611 Εἰλιθιή

105 1631 272 1714 Εἰλειθειή
297 1631 453 1714 Εἰλειθιή.
499 1628 607 1694 Sicubi
639 1657 672 1695 ευ
702 1659 719 1695 v
745 1630 779 1698 in
808 1632 921 1699 formis
945 1632 1112 1698 Ἐλεὺθυια
1136 1630 1301 1698 *balbam

105 1735 160 1818 (cf.
184 1734 264 1799 Hes.
282 1733 454 1816 Εῖλύθιιια)
479 1740 613 1801 servata
635 1743 721 1818 sunt,
746 1738 907 1803 debentur
930 1738 1102 1820 analogiae
1124 1736 1301 1803 formarum

104 1844 319 1920 cognatarum
343 1837 522 1904 ''Eieddacu
547 1837 720 1906 *Illibata

191 1979 321 2053 Mediae
351 1979 497 2062 syllabae
527 2009 545 2066 η
568 1980 654 2061 quod
676 1980 765 2047 haud
787 1999 863 2046 raro
887 1985 1055 2061 comparet
1076 1980 1208 2047 videtur
1231 2000 1299 2046 cor·

102 2085 233 2166 rnptela
255 2084 420 2151 invectum
444 2101 516 2148 esse
540 2082 593 2166 (cf.
617 2102 693 2166 pag.
720 2086 791 2149 133.
826 2084 985 2149 Baunack
1007 2084 1029 2148 l.
1052 2084 1073 2148 l.
1099 2084 1164 2169 72).

191 2224 367 2307 Ἀμάλθεια
405 2222 538 2304 Pbocyl.
578 2220 672 2304 frgm.
712 2225 748 2302 7,
789 2225 817 2287 2.
856 2222 1025 2288 Philoxen.
1065 2223 1158 2306 frgm.
1195 2227 1231 2304 3,
1266 2227 1297 2289 4.

102 2329 226 2396 Gallim
250 2329 280 2393 b.
306 2327 381 2394 Jov.
406 2329 464 2391 4οε
495 2322 660 2412 Ἀμαλθῐη
690 2327 872 2392 Anacreon.
897 2326 991 2410 frgm.
1017 2330 1036 2393 8
1059 2357 1082 2381 =
1104 2326 1298 2394 ’Ἑλεὺθειαε

67 2455 72 2466 ·“
100 2455 133 2500 a.
157 2456 181 2498 a
202 2465 224 2488 =
246 2432 393 2499 Ἐλευθιά
418 2430 457 2516 (s.
483 2429 650 2508 Ἐλευσιά).
697 2429 744 2495 of.
775 2429 873 2495 etiam
904 2429 1016 2513 Steph.
1045 2431 1125 2515 Byz.
1151 2434 1231 2515 287,
1258 2437 1295 2499 11

101 2539 142 2604 de
166 2537 354 2624 Εὖρώπειαε
378 2532 536 2622 Εὐρωηῖα
560 2535 674 2617 Eul‘ip.
698 2534 792 2618 frgm.
817 2539 891 2603 381.

173 2815 192 2885 ¹)
211 2816 343 2870 Baunaclr
362 2815 408 2884 qui
426 2815 499 2869 hanc
517 2831 573 2871 rom
598 2815 675 2872 Stnd.
695 2817 707 2870 l
733 2821 765 2869 10
784 2832 823 2885 sq.
843 2815 936 2884 tetigit
953 2829 1049 2869 vereor
1067 2829 1101 2868 ne
1119 2813 1214 2882 paucis
1233 2827 1294 2868 seu·

99 2903 214 2958 tentiam
242 2921 319 2959 suam
347 2903 513 2972 probaverit.
551 2905 642 2959 Aliam
666 2903 824 2971 explicandi
852 2904 988 2958 rationem
1016 2901 1133 2956 tentavit
1157 2900 1296 2955 Prellwitz

99 2982 363 3058 0118.1881,448.
399 2990 463 3044 Mea
491 2991 525 3044 de
552 2991 603 3044 hoc
630 2991 741 3045 nomine
767 2989 918 3059 disputatio
946 2988 1033 3042 multo
1055 2997 1120 3042 ante
1143 2988 1295 3056 perscripta

98 3085 160 3131 erat
186 3093 267 3145 quam
296 3078 361 3131 mibi
389 3078 504 3145 contigit
531 3085 562 3132 ut
588 3079 741 3133 Baunaclrii
769 3078 868 3132 librum
897 3079 1007 3146 eiusque
1034 3092 1178 3132 censuram
1209 3076 1294 3131 Prell·

97 3165 252 3220 witzianam
277 3165 355 3219 adire
380 3180 494 3234 possem.
533 3165 611 3233 Quae
633 3181 668 3220 ex
692 3166 735 3220 his
758 3165 1033 3220 commentationibus
1058 3163 1293 3230 desumptcmeia

97 3252 242 3321 postmodo
260 3253 370 3323 inserui,
388 3253 554 3320 pancissIma
575 3262 646 3311 sunt.

168 3360 189 3428 ²)
209 3358 250 3416 cf.
275 3367 385 3428 praeter
408 3359 476 3413 trita
501 3360 626 3429 exempla
651 3360 781 3430 Hesychii
805 3363 941 3430 μα’θυιαι·
965 3362 1074 3431 γνάθοι
1099 3385 1132 3404 =
1158 3360 1293 3430 φαγόνες·

97 3448 228 3515 σιαγόνες
242 3447 316 3518 (pand
330 3472 361 3496 =
375 3450 503 3501 mandere.
529 3447 570 3501 Cf.
583 3448 709 3502 Vanicek
722 3449 767 3506 Et.
780 3449 823 3503 W.
838 3448 863 3502 d.
877 3450 925 3502 lat.
940 3450 998 3517 Spr.
1012 3449 1082 3516 207).
1108 3446 1180 3501 Olim
1199 3446 1292 3501 censui

95 3537 212 3603 μα’θυια
236 3535 435 3590 restituendum
461 3551 520 3590 esse
544 3537 629 3590 etiam
653 3536 811 3591 Herodiano
830 3536 861 3590 L.
880 3536 892 3588 l
912 3541 960 3588 281
981 3543 1036 3590 not.
1061 3535 1096 3589 ad
1116 3535 1162 3589 lin.
1182 3540 1214 3589 88
1240 3550 1291 3601 pro

96 3624 245 3687 dacicum,
270 3623 342 3677 unde
361 3623 493 3678 Lentzius
511 3619 578 3678 iecit
596 3627 693 3694 ἅγυια.
730 3627 768 3678 At
793 3622 886 3677 Maass
910 3637 953 3676 me
977 3622 1084 3676 monuit
1103 3620 1290 3676 Herodianum

96 3710 230 3778 respicere
250 3710 285 3764 ad
304 3726 411 3765 versum
430 3711 526 3766 iliadis
544 3717 572 3765 Σ
587 3716 621 3765 48
640 3710 686 3764 ubi
708 3710 832 3778 plerique
851 3711 995 3780 Ἀμάθυια
1015 3710 1053 3779 (κ
1075 3709 1202 3777 Ψαμάθη
1226 3708 1290 3764 Iles.

95 3797 199 3866 Theog.
211 3804 277 3867 2603
295 3797 330 3853 cf.
342 3800 473 3868 ψαμάθα
493 3798 582 3853 Ceuer
597 3805 606 3837 ¹
619 3815 660 3853 nr.
672 3799 732 3853 810
749 3804 779 3851 14
792 3798 857 3863 all).
878 3826 908 3835 -
930 3797 1003 3854 Berl.
1013 3795 1084 3852 Phil.
1094 3795 1290 3849 Wocheuschr.

96 3891 162 3939 1888
181 3902 222 3943 nr.
242 3892 275 3940 88
299 3886 349 3943 col.
371 3890 435 3939 1101
457 3891 622 3942 ΗΙΛΙΘΥΑ
649 3886 717 3939 nihil
745 3885 820 3940 aliud
848 3900 907 3940 esse
934 3885 1058 3953 suspicor
1084 3899 1166 3953 quam
1195 3891 1290 3938 notum

94 3971 219 4029 Nereidis
238 3988 336 4029 nomen
354 3978 530 4030 ΛΜΛΘΥΑ.

164 4080 185 4147 ⁸)
204 4078 245 4134 ef.
264 4089 413 4150 γεγονυῑαε
432 4090 564 4150 γεγονεῑα
582 4095 664 4147 quam
681 4078 846 4146 scripturam
867 4080 970 4148 optime
984 4079 1131 4148 explicavit
1149 4080 1180 4136 G.
1195 4078 1290 4149 Meyer

93 4164 146 4222 BB.
162 4165 187 4218 V
200 4171 259 4223 241.
279 4166 324 4222 Gr.
338 4166 398 4221 Gr.²
412 4165 487 4237 §317
505 4182 532 4234 p.
545 4173 602 4220 308,
664 4171 766 4238 sipoto.-
786 4168 905 4240 *clynici
924 4168 958 4224 cf.
972 4168 1046 4222 Enni
1058 4164 1124 4240 coac
1137 4167 1289 4222 Reicherdt

93 4252 126 4306 dc
146 4251 178 4320 Q.
198 4253 280 4307 Ennii
299 4252 444 4309 annalibus
464 4252 541 4308 Neue
559 4254 656 4312 Jahrb.
678 4259 727 4333 180
746 4271 772 4322 p.
793 4261 825 4308 85
845 4273 883 4323 sq.
913 4256 944 4311 0.
963 4255 1055 4310 Weise
1073 4254 1181 4311 Grieoh.
1198 4256 1287 4311 Wbrt.

91 4339 127 4392 im
147 4339 246 4394 Latein
265 4344 323 4397 211.

162 4446 183 4512 ⁴)
202 4452 294 4500 alaram
319 4466 350 4494 <
370 4448 508 4518 *εΰκμῑη
533 4448 616 4507 laroc
644 4465 677 4502 ex
706 4449 818 4521 *clusuris
847 4451 1007 4518 Bragmann
1034 4450 1092 4508 KZ.
1119 4448 1196 4503 XXV
1224 4454 1283 4503 301.
