2956 5040
545 231 782 297 -185-

60 439 80 495 λ
106 431 168 494 241
195 446 263 514 sqq.
299 386 302 395 s

637 540 769 607 γαιήοχος
790 540 961 603 ελνσσλγαιος

275 633 306 684 ἐν
325 629 448 703 προχοῇς
467 628 597 692 ποταμοῦ
618 626 787 696 παρελέξατο
808 624 959 689 δινήεντος.
1214 613 1264 662 242

276 716 337 783 ἧδ’
357 718 558 783 ὑποκυσαμένη
578 718 688 779 Πελίην
707 720 768 768 τέκε
789 718 835 766 καὶ
855 711 961 777 Νηλῆα.
1105 763 1108 768 ,
1163 704 1171 718 ’
1213 702 1264 750 254

64 838 85 894 η
110 812 152 874 61
177 826 246 889 sqq.

278 910 309 984 τῇ
330 905 360 963 δὲ
382 907 557 963 Ποσειδάων
577 910 671 977 ἐμίγη,
690 911 736 960 καλ
757 910 886 976 ἐγείνατο
905 904 995 959 παῖδα

277 1003 456 1052 Ναυσίθοον.

64 1088 227 1156 Granium
251 1091 420 1154 anetarum
444 1103 562 1168 agmen
585 1084 718 1151 claudat
741 1083 882 1149 comicus
909 1080 963 1163 qni
985 1099 1051 1146 non
1074 1079 1180 1144 minus
1202 1076 1266 1142 illis

64 1200 181 1277 partes
200 1194 317 1259 'tuetur
339 1190 462 1272 norisii,
487 1188 652 1270 Aristoph.
677 1188 739 1255 Av.
764 1189 828 1253 695
851 1205 916 1268 sq:
950 1188 1045 1251 α’κτει
1072 1221 1112 1229 -
1136 1180 1208 1272 ρλόν,
1233 1184 1266 1259 ἐξ
1318 1255 1325 1266 ‚

68 1292 108 1365 οὗ
139 1296 520 1383 περιτελλομέναις
554 1292 682 1375 ὥραις
713 1291 767 1378 (cf.
792 1291 880 1358 Scut.
906 1293 957 1356 87.
989 1289 1154 1371 Theogon.
1190 1285 1266 1372 184)

14 1474 32 1498 .
66 1407 225 1487 ἔβλαστεν
236 1403 332 1486 Ἔρως
351 1402 366 1470 ὁ
384 1399 542 1478 ποθεινός.
572 1398 620 1465 cf.
637 1398 736 1464 etiam
759 1416 875 1465 versus
892 1397 983 1478 orph.
1008 1393 1267 1459 aSehoemanno

66 1511 147 1576 Hes.
172 1509 338 1592 Theogon.
366 1510 426 1573 122
458 1526 498 1572 ex
529 1504 638 1571 Proeli
666 1503 699 1571 in
727 1503 813 1573 Plat.
842 1501 1011 1589 cratylum
1035 1495 1266 1566 commentario

67 1615 205 1681 allatos:

752 1717 889 1774 ὑπέδεκτο
909 1712 939 1767 δὲ
960 1712 1064 1769 πόντος

296 1820 411 1883 σπέρμα
430 1811 498 1872 Διὸς
516 1814 652 1882 μεγάλου·
673 1809 910 1882 περιτελλομένου
930 1802 954 1854 δ’
975 1794 1104 1853 ἐνιαυτοῦ

296 1896 383 1973 ὥραις
402 1901 582 1971 τιαλλιφτλτοις
602 1898 657 1954 τέκ’
678 1891 870 1971 ἐγερσιγέλιυτ’
890 1889 1065 1961 Ἀφροδίτην.

67 1988 195 2072 quibus
218 1988 366 2055 omnibus
396 1988 561 2074 congestis
585 1992 619 2053 et
640 1986 728 2052 inter
758 2001 794 2048 se
824 1975 1011 2061 compositis
1034 1993 1099 2040 non
1130 1968 1268 2038 audacia

66 2092 190 2175 licenti,
215 2093 273 2159 sed
296 2092 385 2159 iusta
406 2095 526 2160 fiducia
544 2092 634 2159 Scuii
657 2087 891 2177 (ἐπιπλομένων
915 2078 1083 2166 ἐνιαυτῶν)
1107 2070 1268 2161 γεινόμεθ’

67 2196 194 2262 aoristo
217 2196 389 2282 assignare
411 2199 489 2266 mihi
511 2199 635 2267 videor.

157 2301 238 2367 Hes.
273 2303 438 2388 Theogon.
477 2307 536 2371 191
573 2323 621 2386 sq.
655 2309 811 2370 narratur
849 2303 961 2368 Venus
998 2298 1032 2366 in
1071 2294 1152 2365 mari
1189 2291 1269 2363 naia

69 2409 265 2492 περίρρυτον
289 2408 419 2475 ἱκέσθαι
443 2409 598 2496 Κιλπρονε

298 2514 329 2565 ἐκ
349 2511 375 2564 δ’
392 2514 439 2583 ἔβη
459 2514 550 2580 αἰδοίη
571 2513 637 2582 καλὴ
658 2517 736 2580 θεός,
755 2515 834 2584 darni
854 2513 884 2566 δὲ
905 2518 971 2578 ποίη
1220 2509 1269 2559 195

298 2606 404 2654 ποσσὶν
424 2601 480 2657 riui
500 2602 680 2675 ρραδινοῐσιν
699 2603 805 2663 α’ἐξετο·
826 2604 888 2669 -¹)

298 2686 328 2759 τῇ
348 2685 374 2739 δ’
389 2690 471 2758 Ἔρος
491 2690 640 2762 ώμδρτπσε
660 2697 707 2744 καὶ
720 2684 831 2759 Ἵμερος
851 2689 952 2743 λ’σπετσ
976 2685 1060 2746 καλὸς
1219 2688 1267 2736 201

298 2780 453 2848 γεινομένῃ
472 2775 506 2828 τὰ
527 2776 625 2847 πρώτα
645 2777 722 2832 θεῶν
741 2777 763 2831 τ’
783 2780 810 2838 ἐς
831 2778 923 2848 φῦλον
941 2777 1059 2849 λουσμλλ

67 2880 101 2927 v.
126 2861 188 2926 201
214 2877 261 2941 sq.
293 2859 330 2925 L.
356 2859 397 2926 de
420 2859 602 2928 Schroeder
629 2861 758 2930 Grieeh.
783 2862 902 2929 Gitter
931 2862 998 2928 und
1026 2861 1160 2928 Heroen
1188 2862 1267 2927 121
1326 2869 1328 2873 ·

67 2984 120 3031 ex.
149 2962 196 3029 sic
226 2962 328 3031 vertit
356 2963 434 3030 ‘Der
461 2964 645 3047 Aphrodite
675 2966 820 3050 gesellen
850 2966 918 3033 siah
946 2965 1055 3057 gleieh
1084 2965 1137 3031 bei
1166 2965 1270 3030 ihrem

66 3068 255 3136 Entsiehen
269 3068 355 3136 Eros
378 3070 445 3135 und
460 3069 622 3154 Himeroa
646 3070 706 3137 das
726 3072 942 3154 verkirperte
957 3069 1269 3153 Liebesverlangen'

66 3172 266 3242 sententiam
281 3174 315 3240 in
331 3173 520 3243 universum
541 3175 671 3258 quidem
693 3175 763 3243 fere
780 3181 961 3258 assequare,
985 3174 1137 3258 neglecta
1159 3180 1270 3241 tamen

66 3278 232 3345 enuntiati
247 3278 395 3346 clausula
420 3285 503 3344 θεῶν
526 3279 554 3346 τ’
578 3284 610 3359 ἐς
627 3286 728 3368 φῦλον
751 3281 854 3373 ἰούσῃ,
879 3300 964 3363 quae
986 3282 1089 3347 verba
1106 3279 1182 3360 quid
1209 3279 1270 3345 sibi

66 3381 173 3450 velint
194 3381 257 3465 ipsi
272 3381 453 3449 videamus.
489 3383 556 3449 Per
578 3383 715 3451 formam
738 3385 816 3453 licet
836 3386 918 3451 haec
941 3384 1057 3451 ultima
1076 3384 1270 3468 intellegere

65 3506 140 3554 curn
164 3487 205 3553 de
227 3506 264 3554 re
287 3488 388 3554 semel
411 3488 501 3556 facta
523 3494 593 3556 inm
616 3491 747 3573 saepius
774 3490 962 3576 repetitai)
1004 3490 1100 3574 Quod
1117 3509 1269 3573 supremo

64 3593 138 3658 loco
161 3592 254 3675 posui
279 3593 307 3659 si
329 3612 389 3677 pre
420 3612 499 3661 vero
523 3596 759 3679 acceperimus,
789 3596 824 3661 in
846 3592 932 3661 hune
960 3594 1090 3661 modum
1113 3594 1271 3678 procedet

65 3696 187 3762 oratio:
205 3696 283 3762 ‘Der
298 3697 481 3778 Aphrodite
497 3698 658 3782 gesellien
674 3699 744 3765 siah
756 3699 841 3765 Eros
857 3699 924 3764 und
936 3699 1089 3765 Himeros
1105 3701 1270 3791 γειναμένῃ

66 3799 108 3866 τὰ
133 3805 245 3882 πρῶτα
269 3801 336 3868 und
365 3799 577 3889 [negleiteten
601 3804 648 3872 sie
675 3801 816 3892 forian],
844 3823 880 3869 so
912 3803 960 3869 oft
989 3804 1037 3871 sie
1068 3804 1120 3871 die
1144 3804 1269 3871 Geseil·

65 3905 177 3972 sehaft
199 3907 258 3972 der
281 3905 400 3972 Gitter
423 3907 615 3974 anisuehte’.
650 3909 751 3990 Atqui
773 3909 935 3976 Venerem
959 3909 1106 3976 comitari
1131 3914 1215 3976 θεῶν
1238 3903 1270 3988 ἐς

67 4016 174 4098 φῦλον
198 4014 312 4076 ἰοῦσαν
336 4010 496 4091 ‘quotiens
520 4010 655 4078 deorum
678 4015 805 4078 coetum
822 4011 1007 4079 conveniat’
1032 4012 1095 4079 diei
1111 4013 1201 4079 haud
1222 4013 1271 4079 ita

143 4204 161 4272 ¹)
180 4202 311 4258 Versibus
339 4203 384 4271 qni
412 4203 577 4258 interiacent
595 4202 745 4270 veriloquia
771 4202 910 4257 nominum
934 4203 1108 4260 eontinentur
1132 4221 1188 4260 non
1206 4223 1269 4275 pro·

64 4289 210 4359 gradiente
228 4289 290 4357 ipsa
307 4289 477 4345 narratione.

139 4379 161 4448 ²)
178 4379 210 4433 In
228 4377 302 4431 hune
320 4391 427 4432 vernam
446 4375 548 4430 desinit
567 4377 705 4446 narrati03
728 4378 775 4447 qni
801 4383 931 4434 secuntur
949 4381 1109 4452 (ana-206)
1129 4391 1216 4451 agunt
1235 4381 1268 4436 de

66 4466 184 4522 Veneria
202 4465 271 4521 deae
290 4479 412 4524 munere.

139 4555 159 4622 ⁸)
179 4552 213 4610 ci.
233 4553 330 4621 partic.
351 4555 402 4608 λιόν
420 4553 447 4607 vi
465 4552 595 4607 iterativa
613 4551 768 4620 praeditum
788 4576 809 4626 μ
831 4559 890 4610 380.
