2940 5026
564 244 779 308 -6Ῑ-

158 427 235 514 οὖας
266 434 368 521 ἇιιοοιῑ
397 453 462 501 non
493 452 534 499 ex
568 433 660 518 *trag
683 433 801 517 *deusd
833 434 1096 518 proficiscuntur,
1135 432 1194 498 sed
1229 452 1269 498 ex

67 535 187 619 ὀὔσας
203 537 380 623 ’ἅκουσιῖἣ
403 538 490 606 unde
507 537 608 605 ἅκουά
623 539 667 627 (ἡ)
685 532 762 617 οὖας
777 538 889 605 formis
905 537 1021 622 ’ἄκυρά
1037 535 1142 623 (ἀκοή)
1157 535 1269 621 *dfat-

65 647 155 728 (w'r-)
171 643 356 712 vetustiora
371 662 444 709 esse
467 648 502 709 et
517 644 693 725 aliquando
716 644 749 710 in
777 644 925 710 omnibns
948 642 1097 709 dialectis
1120 642 1269 708 extitisse

66 756 218 834 apparet.
264 749 347 814 Nam
371 746 509 813 mutatio
533 767 597 814 non
621 749 729 830 potuit
758 767 818 831 per
840 748 922 815 alios
945 747 1068 830 gradus
1091 746 1269 829 procedere

67 873 166 936 quam
189 871 250 936 per

156 950 303 1034 ὀὖ(σ)οτ
325 953 489 1041 *aaudiat
514 983 534 1023 σ
557 976 700 1024 consona
722 958 810 1025 inter
832 957 964 1025 vocales
988 957 1133 1022 exdncta

157 1089 191 1116 >
214 1061 327 1146 *ifar-
352 1060 517 1149 *duosdtsfi
539 1061 733 1145 diphthongi
755 1068 851 1144 parte
878 1060 1061 1144 posteriore
1085 1065 1162 1126 ante
1185 1059 1269 1126 inse-

69 1171 225 1248 quentem
248 1165 395 1232 vocalem
417 1166 452 1232 in
470 1189 492 1250 f
515 1185 674 1234 conversa

158 1298 189 1324 >
215 1269 312 1338 *iar-
336 1269 440 1356 (οἷοι)
465 1270 590 1358 ιῖιιοάρξ)
613 1271 726 1338 littera
742 1271 816 1337 Van
839 1272 977 1352 posthac
998 1287 1113 1335 rursus
1129 1288 1147 1335 e
1163 1269 1271 1338 media

74 1396 153 1444 voee
175 1375 349 1458 sublata.²)
382 1375 499 1460 *ripuar
521 1375 660 1459 *durfort
683 1395 766 1457 quae
782 1375 891 1442 nescio
914 1375 1001 1441 unde
1017 1374 1130 1442 Fickio
1154 1375 1200 1460 (v.
1221 1395 1270 1458 gr.

80 1536 279 1544 *κη-ψ...-

146 1640 165 1705 ¹)
183 1638 224 1691 De
252 1635 352 1698 ὀὔσας
372 1663 405 1683 =
423 1637 473 1696 lat.
491 1642 565 1692 eutis
592 1637 626 1692 ci.
655 1655 680 1707 p.
700 1643 741 1692 38.
780 1638 876 1691 ἀκούω
904 1637 948 1704 (<
976 1634 1127 1705 Ἐποψίου)
1155 1660 1187 1678 =
1215 1641 1271 1702 got.

73 1725 187 1795 lausjan
205 1724 310 1780 ‘horon’
323 1726 482 1782 Dellrrueclr
500 1724 557 1780 ΚΖ.
573 1725 638 1781 XVI
652 1731 701 1779 ill
716 1741 756 1795 sq.
782 1721 974 1780 Differentiam
993 1737 1064 1791 quae
1082 1722 1155 1777 inter
1174 1726 1271 1777 οἰιούοι
1369 1712 1373 1718 ’

72 1827 201 1879 praeseus
220 1818 249 1867 et
266 1812 420 1882 perfectum
440 1817 549 1881 οἰιιῐοοιι
573 1813 734 1880 intercedit,
758 1813 822 1868 Joh.
841 1812 964 1868 Schmidt
992 1819 1067 1866 recte
1085 1811 1124 1866 sic
1142 1810 1272 1880 explicat,

73 1908 102 1954 ut
132 1903 286 1969 praesentis
313 1902 475 1958 charactere
492 1904 512 1975 j
537 1904 583 1972 qui
617 1903 645 1957 in
677 1901 799 1971 perlecto
828 1901 906 1956 deest
933 1899 961 1969 (i.
989 1901 1068 1967 prim.
1097 1897 1271 1963 *ιίκᾶκουοιφ

72 1987 275 2059 diphthongum
294 1989 397 2045 servari
415 1989 578 2058 suspicetur.
606 1990 689 2056 eujo·
703 1989 801 2058 -eosjo-
821 1994 965 2042 transeunt
977 1987 1006 2040 iu
1025 1988 1092 2041 ·εύω
1105 1990 1135 2040 et
1152 1986 1273 2040 retinent

73 2097 89 2129 ο
108 2077 230 2131 vocalem
244 2091 297 2131 non
316 2078 344 2131 in
356 2092 505 2132 consonam
524 2091 644 2143 versam;
662 2074 696 2128 cl.
716 2078 776 2128 αὔιο
790 2099 823 2117 -
836 2077 930 2128 laureo
944 2071 1056 2128 Osthoff
1067 2073 1138 2128 Peri.
1152 2079 1202 2126 486
1213 2089 1272 2142 sqq.

72 2167 145 2219 νεύω
165 2190 199 2209 =
217 2167 311 2235 rodjan.
336 2169 410 2236 γεύω
428 2192 461 2210 =
475 2166 593 2236 ‘ysdojro
612 2163 683 2231 (rad.
702 2167 770 2234 qus).
784 2192 818 2213 -n
831 2158 885 2216 εὕοι
904 2162 948 2230 (<
962 2156 1083 2232 *etqua
1102 2168 1167 2214 surt.
1187 2163 1273 2214 oshati

72 2252 120 2309 lat
140 2264 191 2306 aro
211 2278 244 2297 =
268 2256 343 2324 γεύω
366 2257 408 2319 (<
430 2254 575 2325 *promor
602 2260 665 2309 sert.
682 2253 790 2321 joahati
812 2254 868 2318 got.
894 2252 988 2303 liaeus
1014 2274 1046 2292 =
1071 2249 1167 2320 deipor:
1191 2249 1271 2323 δέρω.

72 2338 155 2399 ador:
176 2338 217 2398 lit.
235 2360 331 2395 sarteas
349 2342 482 2396 ‘trecken’
501 2356 587 2410 germ.
606 2350 652 2393 sor
667 2340 773 2408 (Bugge
790 2336 848 2394 KZ.
868 2336 919 2390 XX
939 2341 982 2404 33)
1001 2362 1034 2380 =
1053 2343 1109 2405 got.
1128 2337 1211 2406 niujis
1230 2335 1272 2390 lit.

72 2428 173 2496 suajus
190 2426 276 2482 ‘neu’t
297 2433 375 2497 resec
394 2428 444 2485 lat.
462 2426 566 2482 atavus?

145 2529 166 2595 ²)
185 2529 297 2582 ὀυ’σαῐ-
316 2549 350 2576 >
376 2530 456 2582 odar-
475 2549 509 2577 >
528 2529 620 2600 *ὅμιῐ-
639 2550 672 2578 >-
692 2531 768 2585 'dcv
788 2551 821 2574 >
844 2533 893 2584 ω’τ·
918 2538 948 2586 ut
972 2531 1108 2583 'funereo
1133 2529 1159 2593 (e
1184 2527 1272 2583 forma

69 2615 205 2682 primaria
224 2616 360 2688 ‘innom'o
373 2617 541 2673 metathesin
560 2627 690 2688 experta3
709 2617 744 2676 cl.
757 2618 818 2672 libr.
833 2618 861 2672 ll
874 2618 927 2688 ex.)
941 2639 974 2666 >
987 2621 1092 2672 ἵπποιο
1109 2638 1141 2665 >
1155 2616 1272 2686 't‘urrojo

72 2725 105 2752 <
124 2707 217 2759 innuo
237 2728 269 2754 ›
289 2709 397 2777 ἵπποο;
421 2707 455 2761 de
477 2722 532 2776 qua
555 2707 751 2762 terminatione
770 2707 935 2763 sententiam
955 2707 1053 2761 mirum
1072 2713 1206 2775 quantum
1224 2705 1273 2759 im·

71 2791 243 2860 probabilem
263 2794 391 2862 exposuit
409 2795 479 2848 Fick
497 2793 552 2853 ΒΒ.
572 2793 612 2848 ΧΙ
631 2799 682 2848 248
700 2810 734 2850 ea
747 2810 776 2850 re
795 2794 823 2849 in
837 2797 959 2850 errorem
978 2792 1106 2848 inductus
1119 2791 1192 2861 quod
1212 2794 1273 2864 ejo-

72 2880 110 2947 (in
136 2880 313 2954 ‘upytoay'osl
342 2889 369 2935 et
396 2883 448 2952 -jo·
477 2882 515 2950 (in
544 2882 648 2954 *rotrjol
673 2882 830 2938 discernere
854 2882 1017 2950 supersedit.
1051 2879 1157 2936 Eodem
1183 2880 1273 2949 modo,

72 2981 126 3034 quo
145 2965 203 3021 dor.
217 2970 298 3021 ἵππω
318 2983 352 3022 ex
372 2968 518 3033 ’δ’πποισο,
538 2970 623 3024 etiam
642 2968 700 3027 dor.
715 2971 815 3034 uilior,
836 2969 869 3024 de
888 2970 964 3024 cuius
978 2976 1107 3024 accentus
1126 2968 1274 3024 insolentia

72 3053 139 3122 qnid
157 3056 293 3110 senserint
317 3072 342 3114 v,
361 3054 433 3112 docti
457 3072 482 3115 v.
502 3055 577 3124 apud
605 3056 637 3112 G.
662 3055 818 3128 Meyerurn²
843 3056 928 3127 §4³0
953 3073 979 3124 p.
1000 3061 1066 3124 394,
1094 3055 1273 3112 derivandum

72 3140 164 3197 iudico
182 3159 199 3198 a
218 3141 307 3198 forma
320 3144 459 3211 primitiva
479 3144 632 3200 ‘ditasses
650 3145 810 3200 sanseritico
830 3147 970 3215 aspertum
988 3151 1017 3198 et
1034 3143 1126 3212 gotico
1145 3146 1276 3199 hlioduisd

73 3240 203 3286 accurate
221 3232 413 3301 respondente.
434 3248 491 3292 voc.
512 3237 542 3298 -l-
563 3252 592 3288 ισ
611 3237 640 3298 †
661 3249 717 3291 voc.
735 3234 854 3302 primurn
874 3234 944 3288 abiit
961 3233 990 3288 in
1008 3249 1065 3288 voc.
1087 3235 1116 3295 ÷
1138 3254 1146 3284 ι
1168 3236 1197 3294 †
1217 3247 1273 3286 voc.

74 3319 138 3387 (hoc
152 3322 234 3375 etiam
247 3324 312 3375 tunc
325 3320 360 3376 ab
374 3321 458 3389 epicis
470 3321 560 3389 poetis
573 3322 674 3391 passim
690 3322 834 3391 retinetur,
847 3319 882 3375 cs.
895 3327 985 3390 genet.
999 3324 1115 3384 ἵπποιο,
1127 3318 1274 3374 uerborum

74 3405 179 3459 formas
207 3410 300 3462 soleto
329 3414 440 3463 νεικείω
466 3407 500 3462 de
529 3407 627 3477 quibus
653 3407 728 3463 inira
759 3410 865 3475 agam),
891 3405 990 3461 deinde
1015 3429 1025 3460 ι
1051 3406 1223 3474 extinguitur
1247 3414 1276 3461 et

73 3493 97 3547 si
127 3492 233 3548 occasio
257 3492 313 3547 tert
334 3492 444 3549 vocales
464 3494 674 3551 contrahuntur.
710 3493 901 3549 Recentiorem
920 3500 1041 3549 aetatem
1060 3492 1186 3559 uocibus,
1205 3506 1276 3559 quae

74 3580 140 3634 olim
164 3580 306 3635 habebant
331 3597 388 3638 roc.
412 3584 442 3645 -l-
468 3597 497 3634 ισ
516 3584 545 3644 -1-
570 3596 643 3652 roc,
671 3604 680 3634 ι
709 3597 824 3651 usquam
856 3581 993 3650 integrum
1026 3581 1170 3651 reliquisse
1201 3585 1276 3634 certo

75 3669 202 3736 exemplo
226 3669 273 3737 qui
295 3667 506 3738 demonstrarit,
535 3669 597 3723 novi
625 3669 773 3736 neminem3
800 3684 851 3723 -ισ-
878 3673 973 3724 aetate
998 3669 1070 3723 inter
1097 3667 1206 3722 vocales
1230 3665 1276 3721 ob·

73 3753 193 3810 litterati
211 3754 290 3809 testis
307 3753 538 3823 locupletissimus
564 3764 606 3810 est
631 3755 836 3824 comparativus
861 3759 943 3816 πλέες
969 3757 1055 3815 πλέοις
1079 3755 1122 3823 (<
1141 3756 1275 3823 ’πλειοεφ

75 3840 109 3897 de
128 3859 184 3913 quo
201 3843 285 3899 verba
304 3844 356 3900 ieci
373 3861 400 3913 p.
420 3850 462 3903 30.
499 3844 561 3900 Non
580 3845 694 3900 multum
714 3845 816 3915 valent,
843 3862 914 3914 quae
932 3843 1048 3899 Bechtel
1067 3843 1169 3899 Nachr.
1192 3843 1275 3901 GGG.

78 3937 144 3985 iseo
172 3949 198 4001 p.
217 3938 268 3987 stu
295 3942 392 3989 contra
416 3933 553 4004 disputat,
576 3949 633 3990 sou.
659 3937 688 3997 -Ι-
716 3953 744 3988 ιο
764 3938 793 3999 ÷
813 3950 868 3992 voc.
889 3950 906 3989 a
925 3932 1052 4000 Graecis,
1079 3936 1276 4000 praeterquam

75 4019 149 4089 quod
172 4037 189 4072 σ
212 4037 225 4074 e
250 4020 311 4088 lege
335 4018 465 4088 demitur,
489 4020 558 4075 nihil
581 4021 683 4076 mutari
707 4020 863 4077 intendens.
899 4021 972 4077 Nam
991 4017 1156 4087 colostrati
1182 4021 1242 4089 tois)
1266 4042 1276 4073 ι

75 4108 162 4164 habet
181 4123 196 4162 e
215 4107 307 4165 futuro
325 4109 429 4163 aoriato
453 4110 531 4178 quasi
556 4109 726 4178 postliminio
745 4110 888 4165 reductum
908 4111 942 4178 (v.
961 4108 1086 4164 Solmscn
1105 4107 1163 4163 KZ.
1182 4105 1275 4161 XXIX

76 4201 119 4253 98.
137 4196 214 4265 253),
237 4202 340 4271 φέροιο
363 4200 409 4264 (<
428 4197 571 4271 ‘peperunt
596 4213 611 4252 e
636 4205 790 4253 ceterarum
814 4196 965 4253 formarum
991 4204 1134 4272 φεροίμην
1156 4202 1277 4266 φέροιτο

76 4283 208 4352 analogia
235 4284 402 4339 restitutum.
439 4286 520 4354 ῥοιός
548 4287 646 4355 ιῑβοιιός
675 4289 798 4356 ἔμπαιος
825 4283 897 4353 qnod
925 4293 956 4340 ut
982 4284 1145 4340 uocabulum
1171 4284 1276 4351 epicum

76 4380 104 4427 et
122 4372 285 4428 maturrime
302 4372 487 4428 intermissum
505 4373 533 4426 in
551 4372 604 4427 hac
627 4373 787 4442 quaestione
806 4371 916 4427 omnino
934 4371 963 4426 in
981 4387 1093 4428 censum
1110 4372 1204 4428 vocari
1222 4386 1278 4425 non

76 4458 172 4515 debuit
198 4469 274 4515 certo
300 4458 453 4529 veriloquio
482 4458 600 4514 nondum
628 4467 693 4514 sunt
716 4459 869 4529 illustrata
899 4477 963 4517 nam
991 4460 1080 4516 Fickii
1108 4470 1136 4515 et
1159 4461 1277 4516 Bezzen-

76 4546 184 4617 bergeri
216 4555 369 4604 commenta
398 4562 449 4615 pro
468 4547 549 4602 certis
580 4547 703 4617 accipere
730 4547 853 4617 equidem
884 4565 996 4618 nequeo.
1034 4565 1075 4617 gr.
1103 4551 1190 4619 φοιός
1217 4564 1277 4603 cnm
