2956 5018
686 195 922 258 -406-

203 381 443 447 insolentiorem
467 383 716 463 correptionem,
742 382 853 466 nvorq'v
877 389 912 446 A
934 383 1007 445 622.
1033 408 1050 443 κ
1074 382 1124 460 25,
1152 385 1245 468 πνοιῇ
1272 380 1305 448 Ξ
1326 380 1394 444 305.

209 487 321 549 Τ415.
345 484 418 548 bh.
432 485 525 549 1420
541 485 638 549 XXX
659 488 707 564 14,
725 484 836 560 πνοιάς
853 489 872 547 d
887 487 960 564 630,
979 483 1104 570 000ῇῶ
1122 489 1165 548 M
1180 485 1254 548 201.
1285 486 1318 547 Ψ
1328 485 1396 548 361.

206 591 237 652 Ω
259 591 333 653 342.
368 594 389 668 β
417 590 486 651 148.
523 616 536 652 ε
560 592 602 652 lb
625 619 647 642 =
671 619 690 652 0
721 593 781 668 alb,
818 593 942 675 πνοιῇσι
970 593 1001 650 Π
1030 590 1100 651 149.
1132 587 1211 652 Hes.
1236 587 1297 651 Th.
1322 589 1397 652 268:

207 691 298 775 πνοιή
323 719 340 753 κ
363 693 436 755 501.
463 695 585 773 11601,
616 693 729 756 πνοιαί
750 697 776 755 Ρ
794 695 846 757 55.
893 692 973 756 Cum
997 690 1161 782 digamma
1182 691 1271 756 inter
1296 718 1313 754 ο
1336 696 1398 755 01ι

205 795 452 859 intermortuam
476 795 534 874 sit,
568 796 697 860 vocales
720 795 783 860 iam
807 797 849 860 ab
873 796 1014 860 Homero
1043 795 1189 861 contrabi
1213 795 1303 860 haud
1326 814 1398 875 qua·

206 919 301 979 quam
326 899 492 980 probabile
516 909 575 964 est.
619 901 686 965 Nec
709 899 961 965 contractionem
986 899 1156 980 requirunt
1178 918 1306 978 verane,
1330 918 1400 963 nam

206 1022 317 1068 omnes
347 1010 506 1085 quotquot
535 1006 631 1071 attuli
660 1007 722 1072 loci
752 1007 863 1071 lerunt
892 1006 1050 1088 syllabam
1082 1003 1221 1067 solutam
1254 1021 1320 1067 uno
1350 1022 1400 1067 er·

206 1113 300 1189 cepto
327 1111 344 1187 ζ
367 1111 408 1174 20

511 1195 526 1260 ξ’
547 1195 571 1248 δ’
592 1200 702 1264 ἀνέμου
722 1199 758 1256 ὠς
779 1199 862 1262 πνοιὴ
884 1202 1022 1250 &neccaro
1042 1197 1097 1245 κτλ.

206 1282 261 1362 qui
284 1301 412 1349 manum
436 1283 688 1350 emendatricem
712 1289 874 1366 expectet.

294 1388 416 1453 Contra
430 1387 522 1453 initio
539 1407 655 1455 versus
668 1408 768 1470 saepe
781 1393 874 1476 πνοιῇ
889 1394 982 1465 (cm)
998 1387 1127 1469 legitur,
1146 1391 1174 1451 Ε
1187 1388 1263 1452 526.
1283 1395 1317 1451 Ν
1331 1390 1403 1453 590.

212 1498 240 1555 Υ
259 1494 332 1556 430.
368 1496 398 1555 w
420 1492 493 1557 355.
522 1494 554 1554 Ψ
573 1493 645 1557 215.
670 1495 744 1556 380.
778 1497 794 1555 0
818 1493 891 1557 402.
916 1491 994 1555 Hes.
1020 1490 1079 1554 Th.
1105 1492 1213 1573 2538)
1237 1491 1404 1557 vocalibus

206 1595 239 1658 in
265 1613 359 1659 unam
384 1594 541 1676 syllabam
557 1594 729 1677 coartatis;
754 1615 828 1660 nam
846 1593 1027 1675 anapaesti,
1052 1594 1138 1658 unde
1161 1613 1277 1661 versus
1295 1595 1405 1676 epicus

207 1716 436 1778 nonnunquam
460 1698 603 1780 incipere
626 1701 667 1763 ab
687 1700 875 1765 Hermanno
899 1698 1018 1764 dicitur
1040 1697 1082 1761 ad
1105 1697 1136 1761 h.
1153 1697 1184 1761 h.
1202 1697 1280 1781 (IV)
1298 1699 1326 1760 V
1342 1700 1403 1763 341

207 1803 401 1883 obloquente
424 1803 488 1868 iam
511 1804 637 1884 Vossio,
668 1805 791 1870 nullum
815 1804 900 1884 quod
924 1802 1052 1883 quidem
1076 1806 1198 1866 certum
1231 1801 1276 1865 sit
1299 1821 1403 1867 exem·

207 1907 294 1989 plum
305 1907 481 1974 invenitur.
512 1907 730 1974 Romanorum
745 1909 862 1983 arietat
875 1927 982 1991 90000
997 1905 1099 1980 abiete
1108 1904 1293 1987 parjetibus
1308 1905 1405 1985 tietui-

206 2033 300 2077 orum
324 2032 344 2077 a
366 2012 496 2078 Graeca
523 2013 756 2078 consuetudine
781 2013 956 2077 abhorrere
982 2016 1127 2080 uotumst
1157 2009 1211 2093 (cf.
1236 2010 1405 2075 Hermann

207 2117 257 2182 El.
291 2117 393 2182 doctr.
425 2122 518 2181 met-r.
549 2118 630 2196 346,
662 2117 773 2198 Bergk
804 2116 922 2197 Opnsc.
955 2114 1032 2195 phil.
1063 2114 1080 2178 I
1111 2116 1174 2179 286
1201 2114 1276 2197 sq).
1324 2113 1406 2178 Erat

206 2239 278 2284 cum
301 2220 342 2284 de
366 2218 559 2299 simpliciore
583 2218 732 2285 vocabuli
761 2217 866 2284 forma
890 2216 969 2302 70·οὴ
998 2216 1204 2282 restituenda
1228 2217 1405 2299 cogitarem

207 2322 261 2406 (cf.
285 2322 368 2387 Fick
390 2323 428 2387 11.
453 2342 483 2403 p.
508 2325 571 2387 411
597 2323 639 2387 00
663 2328 694 2387 Β
717 2323 812 2407 165),
837 2323 895 2386 sed
918 2339 1004 2386 nunc
1026 2320 1218 2401 praeplacet
1241 2320 1405 2402 syuizesin

207 2443 385 2508 agnoscere
420 2443 515 2506 quam
544 2425 577 2490 iu
612 2444 728 2492 versus
758 2425 909 2508 ingressu
942 2423 1070 2490 facilins
1104 2442 1201 2504 quam
1232 2423 1265 2488 in
1300 2424 1406 2489 medio

206 2529 340 2595 tolerari
363 2537 398 2595 et
427 2530 494 2595 dixi
525 2549 595 2595 cum
626 2530 667 2596 de
699 2534 762 2607 σῶς
791 2527 868 2592 mihi
898 2546 1003 2592 sermo
1033 2525 1203 2592 incidisset
1233 2533 1267 2591 et
1301 2527 1406 2593 altero

207 2632 388 2718 exemplo²)
421 2633 551 2698 firmare
580 2633 682 2699 iuvat.
733 2634 763 2696 A
800 2630 886 2714 Τρώς
919 2631 982 2697 rite
1016 2631 1090 2696 duci
1128 2630 1263 2715 Tpolqb
1301 2631 1407 2697 ‘Stadt

207 2738 266 2802 der
289 2738 400 2802 Troer’
424 2743 555 2803 constat
577 2737 622 2821 (p.
640 2738 679 2802 21
705 2756 736 2801 0.
762 2740 789 2816 1,
807 2736 863 2820 22)
887 2734 1035 2815 quamvis
1059 2734 1254 2814 obloquatur
1276 2736 1407 2801 Ahrens

206 2840 289 2906 Phil.
314 2841 360 2904 VI
386 2843 401 2904 l
428 2858 497 2919 sqq.
522 2839 613 2905 cuius
644 2844 837 2921 argumenta
866 2837 1018 2904 refellere
1047 2838 1143 2904 hodie
1172 2839 1252 2904 nihil
1275 2839 1405 2904 attinet.

206 2943 302 3007 Hanc
328 2960 440 3008 vocem
464 2944 505 3007 ab
528 2942 669 3008 Homero
700 2960 828 3023 semper
856 2942 961 3007 tribus
992 2942 1126 3025 syllabis
1157 2941 1266 3008 efferri
1297 2944 1405 3008 obser-

207 3045 301 3113 vavit
330 3046 457 3129 Heyue.
503 3044 596 3128 Quod
628 3044 688 3109 sibi
718 3043 854 3109 indulsit
881 3044 992 3127 Cyprii
1022 3043 1174 3110 carminis
1205 3051 1339 3125 auctor,
1371 3053 1408 3111 nt

208 3151 256 3215 ἔνι’
276 3152 372 3238 Τροίῃ
391 3148 423 3213 10
440 3166 555 3214 versus
571 3148 661 3213 exitu
685 3148 860 3213 collocaret
879 3152 905 3229 1,
923 3151 942 3214 6
959 3168 990 3230 p.
1007 3148 1046 3212 21
1058 3147 1099 3229 Κ,
1123 3149 1211 3229 apud
1226 3149 1405 3216 Homerum

207 3273 249 3320 ne
272 3272 336 3319 uno
360 3253 488 3334 quidem
511 3252 581 3317 loco
606 3251 798 3334 admittitur,
822 3252 880 3318 sed
904 3252 1087 3319 admittitur
1110 3258 1227 3335 quater
1243 3253 1290 3337 (Ω
1306 3257 1371 3320 256
1386 3284 1408 3309 =

207 3361 281 3424 404.
314 3387 333 3421 a
357 3359 408 3422 62.
439 3355 536 3442 399)
565 3356 661 3445 Τροιζη
691 3360 724 3420 ἐν
747 3353 852 3445 εὐρείῃ
880 3355 972 3420 initio
1003 3374 1136 3438 versus,
1167 3356 1200 3422 id
1232 3359 1321 3437 quod
1352 3360 1407 3426 vix

206 3468 297 3528 recte
320 3480 398 3527 casu
421 3459 541 3526 lactum
566 3477 639 3524 esse
662 3459 787 3525 credas.
823 3461 1025 3542 Quamquam
1049 3479 1113 3526 uon
1137 3461 1406 3530 dissimulandum

208 3566 370 3650 synizesin
402 3563 529 3630 omnino
560 3583 624 3629 uon
654 3562 803 3643 inveniri,
838 3580 899 3627 nec
924 3563 958 3628 in
989 3563 1091 3644 primo
1121 3565 1205 3644 pede
1235 3584 1344 3647 neque
1373 3568 1406 3633 in

208 3671 341 3751 ceteris,
372 3670 405 3734 in
429 3668 747 3735 vetustioribus
778 3665 953 3732 carminum
983 3665 1217 3732 homericorum
1245 3671 1406 3751 partibus.

294 3775 481 3857 Acephalus
505 3781 593 3839 esset
615 3792 731 3839 versus
749 3771 957 3854 Theogoniae
980 3771 1165 3838 Hesiodeae
1188 3775 1262 3854 276,
1286 3774 1317 3839 si
1340 3774 1405 3840 edi-

207 3887 296 3945 tores
333 3886 423 3945 recte
458 3879 583 3944 Σθεινώ
619 3876 865 3961 0000000004)
904 3877 962 3941 sed
996 3876 1150 3942 librorum
1186 3878 1290 3943 maior
1329 3898 1407 3960 pars

280 4037 299 4101 1)
319 4039 332 4097 ζ
349 4040 381 4087 20
402 4036 485 4100 revoco]-
507 4037 543 4094 ώς
562 4037 686 4104 «luipone
706 4032 864 4087 indecoro?

279 4122 300 4186 ²)
317 4119 361 4173 Sic
385 4128 413 4173 et
438 4125 532 4175 κοῖλον
558 4125 585 4181 ἐς
610 4120 741 4190 αἰγιαλὸν
767 4121 865 4186 πολιῆς
891 4123 1008 4174 ἔκτοσθε
1033 4122 1176 4185 θαλάσσης
1201 4121 1226 4189 (χ
1246 4125 1309 4186 385)
1334 4124 1407 4192 quod

208 4222 290 4259 unum
301 4207 328 4259 in
339 4206 391 4260 hoc
401 4205 536 4260 adiectivo
549 4207 744 4262 contractionis
757 4207 912 4274 exemplum
926 4207 1027 4274 legitur
1041 4206 1166 4261 excusari
1178 4206 1254 4261 haud
1267 4210 1362 4278 inepte
1375 4215 1407 4266 A.

208 4293 283 4346 Platt
301 4292 416 4347 coniecit
435 4293 543 4358 (Jofru.
563 4293 628 4346 XIX
648 4298 690 4360 31,
710 4300 743 4348 00
761 4296 837 4362 sqq).

278 4383 301 4444 ⁸)
322 4380 409 4453 Τροΐα
427 4379 510 4434 etiam
529 4381 613 4438 Rhea.
633 4386 691 4434 231.
711 4386 769 4434 201.
810 4383 941 4452 Τρῶικῶν
962 4387 1020 4434 138.

279 4467 299 4535 ⁴)
319 4466 361 4520 De
379 4466 502 4521 boeotico
521 4472 703 4527 Κλισθείνιος
724 4468 779 4522 dixi
798 4485 824 4536 p.
844 4475 875 4521 41
897 4470 1077 4536 (110004οιος
1096 4468 1164 4522 Coll.
1184 4484 1226 4523 nr.
1241 4477 1301 4540 020,
1322 4477 1409 4542 leq).
