2940 5026
555 205 770 274 ,15-

149 394 343 474 Priusquam
367 393 409 458 ad
432 394 537 474 ipsam
560 413 628 460 rem
652 395 822 475 accedam,
847 413 888 461 ne
912 394 959 460 eis
982 395 1038 475 qui
1059 395 1173 478 legent
1195 396 1260 462 alia

57 500 221 569 immerito
257 498 292 563 in
330 496 552 579 productionis
590 498 745 569 metricae
779 497 937 578 exemplis
971 515 1160 564 numerasse
1195 499 1260 565 alia

57 602 281 687 negligentius
304 600 450 669 omisisse
474 603 598 685 videar,
623 603 780 669 nonnulla
803 602 1045 684 praemittenda
1067 609 1153 669 sunt.

91 796 117 860 Ι.
154 794 211 858 De
236 793 501 876 syllabarum
525 795 775 874 quantitate
800 794 1027 876 analogice
1050 801 1223 860 mutata.

145 935 177 998 A
200 930 424 1013 productionis
452 932 607 998 matricae
638 933 795 1015 exemplis
826 939 979 999 accurate
1010 932 1259 1014 distinguendae

56 1044 135 1103 sunt
158 1036 284 1101 formae
307 1054 327 1099 a
350 1053 499 1100 sermone
515 1036 644 1116 volgari
666 1035 795 1114 quidem
818 1055 882 1100 non
906 1036 1012 1100 minus
1036 1036 1259 1116 abhorrentes

56 1160 141 1223 qm
172 1146 291 1224 poetae
321 1157 394 1205 cum
425 1141 566 1220 quadam
597 1139 736 1205 audacia
767 1141 810 1205 ad
840 1140 980 1206 aliarum
1007 1158 1123 1207 vocum
1145 1158 1171 1203 s.
1195 1137 1258 1203 for-

58 1265 185 1311 marum
208 1244 394 1326 analogiam
418 1246 721 1325 accommodarunt3
752 1246 844 1310 cuius
875 1246 922 1309 rei
953 1245 1147 1310 documenta
1171 1243 1260 1324 apud

59 1348 203 1414 omniurn
224 1347 293 1412 fere
317 1347 462 1428 gentium
486 1354 602 1428 poetas
625 1347 770 1414 novandi
792 1346 900 1412 studio
928 1347 1017 1413 haud
1045 1367 1120 1413 raro
1144 1347 1260 1413 ductos

62 1452 120 1518 rel
140 1452 176 1515 in
196 1452 327 1517 vocibus
350 1451 404 1516 ubi
436 1451 527 1517 nulla
558 1457 632 1516 erat
660 1451 841 1517 necessitas
865 1470 885 1515 a
908 1450 1143 1517 consuetudine
1171 1452 1260 1534 volgi

66 1554 265 1635 discedendi,
300 1555 403 1620 multo
437 1561 547 1622 autern
581 1557 714 1638 saepius
748 1557 781 1621 in
815 1556 854 1621 iis
889 1574 1024 1640 quarum
1059 1556 1164 1622 forma
1199 1576 1259 1624 usu

62 1658 239 1724 ootddiano
268 1666 384 1725 saneta
416 1668 519 1725 metro
550 1662 758 1743 repugnabat
787 1660 927 1728 invemri
961 1661 1129 1741 probabile
1163 1664 1259 1748 est.¹)

59 1763 143 1827 Nam
168 1769 204 1828 ut
227 1763 419 1830 Buecheleri
442 1767 544 1831 verba
568 1784 636 1831 rem
660 1764 781 1847 optime
804 1765 1009 1831 declarantia
1031 1784 1104 1831 mea
1127 1766 1258 1834 faciam:

58 1866 123 1933 ‘die
146 1867 299 1949 analogie
322 1869 474 1949 gewahru
496 1869 570 1934 dem
593 1869 721 1933 dichter
743 1869 818 1934 rath
842 1869 874 1934 in
898 1869 957 1934 der
980 1871 1069 1950 noth,
1099 1890 1195 1937 wenn
1223 1891 1260 1937 er

57 1972 162 2037 durch
201 1972 265 2037 den
299 1973 499 2039 widerstreit
533 1993 597 2040 von
632 1993 719 2040 vers·
757 1974 823 2039 und
861 1973 1063 2055 spraobiorm
1096 1975 1261 2059 bedrbugt

58 2077 162 2142 wird’
210 2077 284 2160 Qua
321 2078 448 2144 ratione
479 2066 597 2160 poetae
630 2080 664 2144 in
699 2074 866 2147 vocabulis¹
900 2079 1052 2144 inhabilis
1085 2081 1259 2160 prosodiae

56 2180 144 2246 idem
168 2182 299 2261 quidem
321 2182 515 2265 effecerunt,
540 2184 626 2264 quod
648 2184 682 2248 in
705 2183 778 2248 aliis
800 2184 1015 2264 productione
1038 2183 1190 2265 metrica⁷
1223 2191 1260 2249 ut

58 2303 176 2351 vocum
220 2303 404 2351 mensuram
447 2287 558 2353 versui
601 2292 712 2366 aptum
755 2285 949 2366 redderent⁷
992 2286 1051 2351 sed
1088 2287 1149 2352 hoc
1186 2307 1258 2353 cum

58 2389 236 2455 diuersa
259 2389 387 2456 ratione
411 2389 593 2469 effecerint,
625 2409 684 2455 nos
711 2408 840 2470 quoque
868 2389 1041 2456 discrimen
1064 2391 1151 2471 quod
1172 2391 1260 2458 iuter

57 2493 231 2574 utriusque
257 2493 307 2558 rei
328 2494 480 2576 exempla
500 2493 676 2560 intercedit
698 2495 909 2561 observemus
940 2499 1071 2576 oportet
1100 2513 1161 2560 nec
1183 2495 1260 2562 licet

58 2597 167 2664 omnia
198 2598 312 2664 eodem
342 2599 413 2665 looo
443 2600 582 2679 habere,
617 2599 704 2680 quod
733 2599 866 2665 admisit
893 2604 1028 2682 praeter
1061 2600 1143 2666 alios
1177 2601 1259 2668 Ficlr

58 2702 252 2782 τιθὲμμεναι
283 2701 357 2785 (pro
380 2703 584 2789 τιθήμεναι),
617 2702 816 2788 τετῦχχαται
840 2701 914 2787 (prb
946 2704 1150 2789 τετεύχαται)
1180 2707 1257 2772 scri·

56 2807 148 2870 bens.
194 2805 233 2870 In
268 2806 317 2871 his
350 2807 434 2872 enim
469 2812 587 2888 poetae
622 2825 738 2874 versus
769 2807 879 2889 gratia
909 2805 1128 2874 mutationem
1152 2811 1257 2876 cuius·

56 2910 134 2975 darn
149 2909 239 2976 vocis
263 2909 531 2991 analogioam
555 2910 616 2976 sibi
639 2911 856 2992 indulsernmt
881 2911 913 2976 in
937 2930 1034 2992 quarn
1049 2912 1123 2994 ipsa
1146 2913 1258 2997 lingua

55 3018 175 3095 sponte
197 3011 341 3079 incidere
364 3014 523 3095 potuit,
555 3013 583 3077 si
612 3014 698 3080 forte
729 3015 889 3081 voluisset
917 3034 1012 3097 usus,
1038 3034 1133 3096 quem
1157 3036 1258 3098 penes

56 3118 227 3185 arbitrium
251 3127 303 3184 est
325 3126 360 3184 et
381 3139 496 3187 norma
510 3120 673 3203 loquendi,
698 3122 756 3187 sed
780 3140 858 3190 non
874 3121 1004 3202 incidit;
1028 3123 1060 3187 in
1083 3121 1147 3187 illis
1163 3123 1258 3189 metri

56 3242 158 3289 causa
181 3224 329 3305 syllabae
345 3225 473 3291 cuidam
496 3226 599 3306 brevi,
624 3227 713 3291 nuilla
729 3226 882 3308 analogia
905 3227 996 3307 dulce,
1022 3227 1125 3307 naama
1142 3245 1258 3293 versus

56 3367 142 3373 Ἥ
153 3367 267 3374 ἶω-...η-

132 3434 149 3499 ¹)
169 3430 210 3488 Gi.
230 3431 263 3485 de
284 3432 410 3486 universa
429 3447 459 3486 re
472 3431 585 3487 Ellendt
604 3419 678 3487 Uber
691 3432 743 3487 den
763 3432 875 3487 einfluss
895 3434 942 3487 des
956 3434 1160 3500 metrumsaui
1177 3445 1258 3490 wort-

56 3516 174 3585 bildung
204 3516 259 3572 und
290 3516 528 3586 wortverbindung
558 3518 602 3572 bei
627 3519 736 3574 Homer.
764 3519 938 3587 Kbnigsberg
966 3521 1152 3592 (programm.)
1182 3528 1257 3588 1861,

56 3603 167 3673 Herzog
197 3604 445 3673 Untersuchuugen
476 3606 545 3660 uber
575 3605 618 3659 die
646 3605 935 3674 bildungsgeschiohte
959 3613 1012 3662 etc.
1046 3613 1088 3663 11.
1127 3614 1174 3661 111
1198 3624 1256 3678 sqq.

56 3692 89 3747 G.
116 3692 213 3761 Meyer
239 3692 268 3746 C.
297 3691 374 3750 Stud.
401 3692 426 3745 V
450 3699 484 3746 66
503 3708 541 3761 sq.
570 3693 657 3760 (peius
681 3692 754 3749 idem
778 3693 816 3747 Vl
845 3697 914 3759 400).
951 3692 1062 3750 Osthoff
1087 3696 1150 3752 MU.
1174 3695 1187 3749 l
1215 3700 1256 3748 91.

56 3779 83 3832 ll
115 3785 145 3832 61
167 3794 206 3846 sq.
246 3779 407 3846 Brugmaou
435 3776 499 3833 MU.
524 3777 537 3831 I
567 3784 617 3833 166
635 3793 673 3848 sq.
703 3809 732 3820 -
762 3779 813 3833 Hic
840 3794 929 3847 pauca
959 3779 1121 3849 subiungam
1149 3795 1257 3849 quaec

55 3868 144 3936 poetis
167 3866 251 3921 simili
272 3866 379 3921 ratione
403 3873 503 3921 novata
527 3864 679 3921 arbitrare
706 3867 825 3921 Latinis:
854 3870 1014 3950 indupcrorc
1032 3869 1188 3937 indupedire
1206 3882 1257 3934 pro

54 3958 185 4026 imperare
204 3957 338 4025 impedire.
374 3954 533 4025 nouisropus
553 3953 601 4008 Or.
620 3960 758 4008 matamm.
778 3953 842 4008 XIV
863 3961 878 4007 6
906 3951 1080 4021 provulgari
1103 3954 1256 4026 rioufnupus

55 4040 100 4109 (cf.
119 4043 260 4111 νηοβιὲτης
283 4041 367 4096 Leon.
391 4041 503 4095 Tarent.
527 4040 582 4094 ΑΡ.
601 4039 654 4096 Vll
674 4047 737 4109 666,
757 4047 772 4095 6
800 4056 851 4108 pro
879 4042 1040 4110 ναυβάτης).
1077 4040 1205 4113 tepefacio
1229 4050 1256 4098 et

54 4143 126 4197 quae
144 4134 212 4184 aaut
230 4127 331 4183 similia
356 4128 444 4197 poetis
468 4128 556 4195 primo
584 4131 748 4184 necessitate
775 4135 885 4183 extorta
909 4128 990 4197 (quae
1018 4128 1192 4184 observantia
1210 4129 1256 4183 ob·

54 4217 138 4271 tinuit
161 4217 249 4271 etiam
273 4223 331 4270 tum
354 4214 427 4283 apud
451 4214 605 4285 Catullum,
633 4217 680 4285 qui
708 4216 793 4270 habet
821 4214 980 4286 tepifactum
1005 4216 1084 4272 iuxta
1112 4217 1257 4286 tepefacit),

54 4302 154 4358 deinde
183 4303 227 4357 rel
254 4303 325 4357 citra
352 4304 545 4360 necessitatem
576 4303 701 4359 adhibita
729 4303 802 4360 velut
828 4305 909 4359 Lucr.
927 4303 967 4359 VI
994 4309 1045 4360 666
1068 4306 1181 4374 liquefit,
1207 4302 1254 4358 Os.
1371 4356 1373 4360 .

55 4401 195 4447 metamur.
223 4391 263 4444 lli
284 4396 333 4444 116
351 4391 513 4462 liquefactis,
542 4391 670 4459 Calpurn.
695 4391 743 4446 ecl.
762 4391 775 4444 1
794 4389 996 4461 sopotesocn's.
1034 4389 1076 4446 Ci.
1095 4390 1129 4444 de
1147 4398 1208 4446 tota
1226 4407 1256 4445 re

55 4477 163 4534 Bitschl
183 4478 281 4547 Opusc.
302 4477 475 4550 11s1ssqq.
