2956 5018
677 183 912 246 -392-

198 374 329 457 genium
365 380 399 438 et
432 378 535 437 artem
571 392 591 436 a
622 370 764 451 parodia
798 389 861 434 nou
896 368 1104 433 abhorruisse
1139 373 1174 430 et
1206 367 1396 430 Athenaeus

199 483 342 544 testatur
364 475 427 541 XV
451 475 545 541 6980
568 492 629 539 666
657 492 716 539 666
740 472 893 538 dsficirmt
914 471 948 536 in
971 469 1115 550 reliquiis
1137 468 1261 534 indicia
1284 469 1397 549 quibus

200 586 331 663 poetam
361 579 557 660 aliquotiens
587 577 769 644 sententias
798 576 979 641 locutiones
1009 574 1169 642 vocabula
1199 593 1242 639 ex
1265 573 1399 638 Homeri

200 683 396 749 camuiuibus
430 683 603 764 desumpta
635 681 669 746 in
704 699 796 746 snum
831 699 923 745 usum
953 679 1001 744 ita
1035 677 1238 747 convertisse
1273 677 1398 742 intelle·

199 803 316 868 gamus
339 791 377 850 ut
406 783 491 850 vatis
522 783 606 849 serio
630 783 717 848 dicta
747 782 817 848 sive
840 783 883 847 ad
905 781 1076 847 ridiculum
1106 781 1302 847 traduceret
1331 781 1399 847 sive

200 888 388 955 ioculariter
403 886 560 959 sermonis
576 885 745 952 cottidiani
761 884 936 951 humilitati
952 884 1047 965 quasi
1068 884 1227 964 quasdam
1249 884 1399 950 stellulas

166 1030 171 1037 *-
200 993 370 1058 insereret
408 992 507 1056 Velut
529 990 569 1054 fr.
594 993 645 1071 23,
670 993 710 1055 10
733 1009 780 1069 sq.
804 988 883 1053 Ahr.
909 987 965 1064 τὰς
996 987 1254 1073 ἀνδροφυκτίδας
1286 987 1400 1064 πάντες

203 1096 369 1178 ἅνθρῶιιοι
403 1096 568 1174 καλέονθ’,
604 1095 683 1177 ἁμὲς
715 1097 749 1158 δὲ
786 1094 899 1171 λεύκας
934 1093 985 1157 coi
1016 1093 1091 1156 θεοί
1122 1091 1273 1157 imitatur
1306 1097 1399 1157 notos

201 1201 336 1266 Homeri
365 1201 405 1266 de
428 1220 577 1267 sermone
604 1199 793 1265 caelestium
824 1199 912 1263 locos
943 1198 984 1262 de
1015 1196 1131 1277 661666
1161 1196 1245 1290 dixit
1268 1197 1400 1262 Lobeok

202 1306 363 1387 Aglaoph.
388 1307 452 1370 860
466 1323 558 1385 sqq„
582 1303 622 1369 fr.
654 1305 738 1368 1616
768 1302 845 1385 (quo
874 1301 915 1366 de
942 1320 1028 1366 nunc
1050 1299 1238 1365 conferatur
1265 1299 1399 1365 Crusius

109 1484 111 1487 Ι
203 1407 313 1473 Fleck.
331 1408 446 1473 Jahrb.
470 1410 563 1488 1891,
588 1407 663 1491 103)
687 1410 721 1472 ἐν
737 1408 828 1471 πέντε
844 1411 955 1485 aparuit
970 1405 1103 1489 γούνασι
1118 1406 1220 1486 κει’τοι
1245 1404 1400 1469 admonet

203 1510 374 1574 audientes
397 1509 577 1575 orationem
599 1509 751 1574 incedere
773 1508 935 1574 homerica
957 1508 1122 1574 homerica
1144 1506 1275 1573 adscita
1297 1507 1400 1572 foruna

204 1633 224 1678 6
247 1611 427 1678 Siculorum
451 1611 590 1676 dialecto
614 1611 731 1691 aliena,
742 1611 767 1695 ¹)
797 1610 836 1675 fr.
864 1614 923 1677 103
952 1607 1017 1699 ᾦεα
1045 1610 1145 1696 χανὸς
1168 1609 1401 1694 κάλικτοριοαν

205 1718 365 1798 πετεηνῶν
386 1713 420 1778 16
443 1718 584 1778 mentem
610 1700 713 1779 vvocat
740 1731 856 1779 versus
888 1712 1040 1778 homerici
1064 1718 1092 1776 P
1110 1716 1174 1778 616
1197 1712 1401 1797 ὑπουρανίων

205 1822 364 1903 πετεηνῶν
400 1818 441 1882 de
473 1817 635 1882 industria
669 1822 784 1882 contra
822 1816 953 1881 dialecti
986 1816 1127 1882 indolem
1162 1817 1367 1898 delinquens.
1375 1819 1400 1901 ²)

203 1918 347 1985 Homero
371 1918 513 2001 sublegit
533 1919 619 1985 idem
642 1923 677 1984 et
699 1920 795 1984 haec:
821 1917 906 1996 Ζιύς
930 1918 991 1984 ἄνα
1012 1921 1110 1984 ναίων
1132 1919 1278 2007 Γάργαρ’
1304 1920 1400 2004 ἀγάν-

205 2051 281 2109 νιφα
307 2022 359 2107 (ir.
378 2021 434 2108 88)
458 2023 574 2103 quibus
590 2022 739 2088 adscribo
762 2022 880 2103 166166,
904 2025 1019 2088 11233
1044 2029 1110 2088 Ζεῦ
1128 2023 1210 2105 μένα
1228 2062 1270 2071 -
1288 2025 1401 2110 τηλόθι

206 2130 320 2207 ναίων,
356 2134 392 2192 A
420 2128 494 2192 420.
531 2131 559 2190 Σ
591 2129 652 2191 186
677 2125 837 2207 Ὄλυμπον
874 2124 1064 2212 ἀγάννιφον,
1102 2130 1132 2194 Θ
1160 2129 1200 2193 41
1237 2128 1320 2193 ἔνθα
1355 2128 1401 2211 (in

195 2228 370 2315 11018610)
395 2230 430 2294 δέ
444 2250 500 2311 foc
523 2228 629 2313 (Jovi)
655 2230 784 2310 τέμενος
808 2228 916 2310 βωμός
940 2257 983 2294 ιε.
1020 2227 1180 2316 ἅγιῖννιφα
1204 2250 1269 2307 vox
1292 2232 1400 2297 home·

204 2333 272 2399 rica
295 2352 355 2398 nec
378 2332 483 2397 minus
508 2332 638 2416 ναίωνθ)
663 2332 710 2414 (<
734 2332 887 2418 *66)αή
918 2333 1010 2398 cuius
1038 2332 1109 2398 loco
1133 2332 1261 2399 Siculus
1293 2334 1402 2400 dicere

205 2435 318 2503 debuit
348 2433 422 2513 νῶν,
459 2439 552 2500 λῶντι
584 2437 634 2515 19,
665 2438 680 2498 1
719 2433 766 2517 (<
790 2435 972 2518 *λασροντῃ
1007 2435 1047 2500 cf.
1078 2435 1307 2521 ltlar'opsac).⁴)
1354 2436 1402 2501 Of.

206 2541 303 2607 stiam
331 2541 474 2607 Lorentz
502 2550 535 2621 p.
562 2542 633 2604 134.
679 2538 803 2622 Quibus
838 2538 965 2605 collatis
994 2557 1119 2604 mecum
1149 2538 1293 2604 fortasse
1322 2539 1403 2604 nihil

205 2647 336 2711 obstare
352 2643 475 2710 senties
491 2642 660 2724 quominus
684 2643 808 2707 κέκλαα
824 2662 845 2707 6
868 2641 1116 2725 grammaticos
1139 2660 1237 2708 versu
1261 2641 1403 2722 quodam

206 2749 249 2814 ad
272 2747 513 2813 similitudinem
536 2745 663 2810 illorum

449 2851 562 2902 κέκλυτέ
579 2867 635 2915 μιν
653 2850 809 2916 μνηστῆρες
829 2850 995 2918 ιίγακλέετοι
1013 2847 1142 2918 pacali&

448 2938 562 2988 κέκλυτέ
579 2954 634 3005 μευ
655 2935 746 3006 Τρῶες
765 2941 811 2988 καὶ
832 2936 978 3005 Δάρδανοι
997 2934 1041 3001 ἠδ’
1060 2937 1208 3009 ἐπίκουροι

449 3024 564 3074 κέκλυθι
585 3022 637 3074 νῦν
656 3021 770 3087 Ἐὔμαιε
790 3026 836 3073 καὶ
856 3023 936 3074 ἄλλοι
955 3022 1062 3080 πάντες
1081 3023 1188 3091 ἑταῖροι

206 3110 294 3175 facto
307 3114 473 3174 enotatum
491 3127 564 3173 esse
577 3107 790 3188 suspicemur:
808 3107 1038 3189 Epicharmum
1055 3109 1179 3173 κέκλυθι
1198 3111 1327 3176 κέκλυτε
1344 3131 1403 3192 pro

206 3213 343 3296 perdocti
365 3212 568 3294 imperativis
592 3210 756 3292 accepisse
772 3230 836 3276 non
860 3213 974 3277 mnam
992 3252 1031 3259 -
1049 3213 1224 3293 quostiam
1246 3214 1404 3296 graviora

277 3391 298 3449 ι)
319 3385 360 3441 cr.
379 3387 469 3455 μόνος
492 3391 531 3451 m,
553 3390 575 3439 1.
606 3389 648 3451 uo,
667 3390 691 3437 ι.
723 3390 765 3449 66,
787 3390 809 3439 r.
839 3382 943 3453 αοῖνα
961 3390 1003 3449 aa,
1026 3390 1064 3437 ιο.

277 3475 299 3534 ²)
317 3473 419 3526 Poetae
438 3470 573 3526 dialectos
592 3490 620 3536 ιη
640 3470 668 3523 16
687 3486 771 3524 unum
788 3469 980 3535 contraxisset,
999 3469 1033 3525 ci.
1053 3471 1098 3524 δεῖ
1117 3475 1156 3536 19,
1178 3477 1199 3522 1.
1219 3477 1282 3524 2<
1298 3474 1402 3540 66616.

205 3558 319 3613 Accedit
337 3558 409 3627 quod
429 3568 447 3612 α
468 3558 559 3624 potius
583 3564 772 3623 expectamus:
799 3558 941 3622 πει)ιηνός
961 3583 994 3600 =
1012 3558 1062 3611 lat.
1083 3562 1233 3621 scelerosus
1256 3561 1404 3624 (Autrecht

206 3645 261 3701 KZ.
286 3646 313 3698 ΙΙ
343 3651 404 3713 1503
432 3646 576 3714 ιῑμινηνός
601 3664 633 3690 <
660 3643 830 3712 *αμινεονός
858 3643 978 3698 Lcskien
1006 3644 1035 3697 C.
1062 3643 1138 3700 stud.
1164 3645 1191 3697 11
1219 3651 1303 3700 1016.
1330 3647 1403 3716 quod

207 3747 305 3786 moneo
317 3739 414 3785 contra
427 3730 551 3784 Fickium
565 3728 615 3783 Od.
632 3735 662 3782 19
681 3728 727 3797 qui
745 3730 882 3796 persuasit
901 3728 1132 3796 Wackernagelio
1146 3729 1357 3800 Dehnuugsges.
1371 3739 1402 3798 ι).

205 3819 342 3872 Ahreusio
360 3818 394 3871 dc
412 3817 518 3873 iormae
537 3825 671 3884 proventu
691 3816 759 3870 nihil
778 3814 898 3868 suboluit
918 3813 943 3866 ll
963 3819 1019 3867 163.

277 3906 297 3973 ⁸)
318 3905 376 3958 Hoc
394 3905 436 3958 vel
456 3904 537 3958 simili
557 3905 616 3957 loco
635 3903 742 3970 decepti
761 3901 934 3970 grammatici
960 3900 1108 3969 propinant
1132 3911 1224 3956 ναίειν
1249 3920 1301 3971 pro
1326 3922 1402 3961 voca·

205 3992 269 4044 bulo
289 3991 438 4045 Siculorum
459 3992 569 4058 proprio
588 3990 643 4044 ΒΑ.
664 3990 704 4042 llI
731 3995 808 4057 1096,
833 3988 861 4041 id
885 3986 957 4056 quod
982 3988 1114 4041 memoris
1138 3993 1234 4042 166616
1258 3991 1327 4045 utile
1352 3994 1403 4047 crit

205 4077 230 4129 ei
253 4078 299 4144 qui
324 4076 358 4131 de
382 4077 425 4130 his
449 4076 633 4144 farraginibus
660 4074 918 4140 (siniriacum,
939 4074 997 4141 16.)
1026 4079 1129 4127 certum
1157 4075 1224 4128 velit
1251 4075 1403 4145 aliquando

205 4161 334 4215 iudicium
354 4161 454 4216 lacere.

276 4253 296 4311 ⁴)
314 4247 391 4314 Quae
410 4263 481 4300 nuuc
500 4248 624 4301 obtinere
642 4247 750 4302 videtur
769 4245 844 4300 verbi
863 4245 947 4299 dorici
971 4246 1119 4314 originatio
1138 4262 1265 4301 666666
1294 4250 1403 4303 nomine

205 4334 339 4400 displicet.
376 4332 468 4387 Radix
496 4342 538 4387 est
566 4337 616 4387 les:
645 4336 694 4386 las.
738 4333 781 4386 Ex
808 4348 863 4387 una
890 4333 982 4387 radice
1009 4333 1151 4400 pullulant
1178 4350 1273 4390 omnes
1302 4334 1403 4391 surculi

205 4436 319 4487 quorum
339 4428 516 4490 conspectum
536 4418 1086 4488 666666611116666611666166066.
1106 4426 1138 4475 61
1158 4437 1197 4490 sq.
