2940 5026
550 187 787 251 -rae-

62 399 151 457 esse,
177 383 214 443 ut
237 376 360 443 vocalis
382 377 550 458 quantitas
566 381 681 441 contra
703 376 912 460 sermonis
936 394 1030 440 usum
1049 393 1091 439 ex
1114 390 1267 439 versus

61 484 142 566 lege
175 488 370 561 mutaretur,
404 482 501 547 anxie
534 484 691 547 caventes
725 499 767 545 ne
801 480 878 561 quid
912 477 1100 545 detrimenti
1133 481 1268 558 caperet

61 589 249 671 rhythmus.
294 587 387 652 Idem
410 585 613 651 admiserunt
641 584 856 665 recentioreS,
888 590 1019 650 retenta
1049 588 1159 648 tamen
1182 580 1265 646 anti-

62 693 178 775 quitus
202 719 216 757 ε
237 691 272 756 in
296 719 323 756 ει
346 690 379 775 (ο
400 690 435 755 in
460 690 509 773 ου)
533 689 682 755 mutandi
704 690 948 772 consuetudine,
973 709 1045 756 cum
1063 687 1127 770 ipsi
1149 703 1266 754 versus

62 799 225 876 facerent,
250 797 304 863 vel
325 796 359 861 in
374 795 557 861 nominibus
580 794 736 877 propriis3
761 792 801 859 cf.
817 799 951 875 praeter
969 790 1132 874 Apollonii
1148 788 1267 855 erodii

63 900 279 985 Κλειοπάερη
315 899 511 984 (Argonant.
543 901 578 965 H
610 899 688 983 239)
719 899 870 979 exempla
903 897 1067 963 nominum
1093 895 1266 980 Θειοτέλης

65 1006 238 1091 &frondea
276 1006 469 1090 Κλειογένης
507 1003 594 1070 infra
632 1023 673 1069 ex
707 1002 849 1069 Kaibelii
883 1000 1140 1083 Epigrammatis
1178 999 1263 1065 colli-

62 1112 185 1195 genda,
208 1109 366 1190 imprimis
389 1128 468 1175 vero
490 1128 539 1173 nr.
560 1110 623 1173 212
647 1107 693 1193 (v.
718 1109 737 1172 2
761 1104 939 1191 Graecula)
963 1106 1015 1171 cui
1038 1105 1266 1188 epigrammati

63 1213 274 1299 praescripta
311 1217 389 1278 snut
422 1212 518 1277 metri
554 1211 683 1278 vinculo
718 1212 826 1277 soluta
859 1229 943 1291 quae
978 1229 1090 1277 veram
1127 1209 1265 1285 nominis

65 1322 204 1386 formam
228 1317 397 1383 exhibent:
424 1320 573 1402 Θεοφίλα
596 1314 725 1401 χρηοτηι
748 1327 854 1400 χαῖρε.
865 1314 889 1399 1)

155 1442 249 1506 Hanc
280 1440 411 1506 vocales
435 1441 475 1503 ob
504 1444 644 1504 metrum
667 1458 745 1506 vere
776 1438 976 1520 producendi
998 1437 1264 1504 consuetudinem

69 1564 164 1625 quam
196 1544 338 1610 maximo
374 1542 444 1609 fere
482 1543 615 1608 testium
650 1562 809 1610 consensu
848 1543 1050 1625 comprobari
1083 1542 1264 1610 videbimus

65 1649 210 1713 Graecos
237 1646 420 1712 recentiore
450 1646 578 1712 demum
609 1653 772 1730 tempore,
803 1648 898 1714 simul
929 1650 1087 1731 abrogato
1118 1666 1178 1713 usu
1209 1647 1264 1728 qui

62 1757 166 1817 antea
196 1751 393 1816 obtinuisset
421 1751 519 1834 louge
542 1752 688 1833 diverso,
721 1771 880 1819 novarum
909 1771 1018 1817 rerum
1048 1751 1143 1833 quasi
1165 1771 1265 1833 appe·

61 1863 174 1922 tentes
212 1856 393 1921 instituisse
427 1875 486 1921 cnr
519 1857 690 1922 credamus
725 1876 844 1924 causae
877 1877 918 1923 ne
954 1859 1101 1923 umbram
1135 1856 1265 1938 quidem

60 1961 218 2043 dispici03
256 1960 353 2026 immo
391 1980 470 2028 vero
504 1961 685 2042 proximum
725 1967 777 2027 est
809 1962 898 2027 illam
935 1961 1012 2027 inde
1046 1963 1087 2026 ab
1121 1961 1265 2042 ipsorum

61 2064 362 2133 vetustissimorum
385 2071 556 2146 poetarum
579 2084 662 2132 aevo
686 2085 745 2146 per
767 2084 891 2147 genera
915 2063 1032 2130 ἀοιδῶν
1054 2075 1088 2130 et
1103 2065 1265 2154 ῥαψῳδῶν

60 2174 233 2236 servatam
263 2188 393 2250 semper
423 2176 457 2235 et
488 2170 606 2250 ubique
629 2169 790 2235 Graeciae
821 2169 1008 2254 viguisset
1054 2169 1161 2236 Huius
1191 2189 1263 2235 sen·

59 2273 190 2340 tentiae
214 2292 251 2337 eo
275 2278 416 2355 augetur
442 2274 665 2355 probabilitas,
690 2274 777 2354 quod
799 2273 874 2339 binc
899 2273 976 2338 inde
997 2273 1092 2357 lyrici
1118 2279 1152 2339 et
1174 2293 1263 2340 scae·

59 2379 128 2444 nici
157 2377 289 2458 Sappho
317 2377 481 2443 Pindarus
511 2378 695 2460 Aeschylus
726 2383 803 2442 cett.
830 2377 865 2443 in
896 2397 1048 2444 versuum
1079 2378 1263 2460 generibus

60 2484 119 2550 ubi
156 2484 244 2550 hand
278 2482 375 2548 facile
409 2484 450 2549 de
483 2483 582 2548 moris
616 2489 730 2547 contra
767 2481 862 2548 metri
895 2482 1001 2564 legem
1039 2482 1264 2549 deficientibus

59 2587 271 2670 cogitaveris,
304 2587 468 2664 ἀθάνατος
492 2587 658 2669 ἀκάματος
681 2587 811 2665 κυάνεος
843 2587 986 2681 dtoyevrjg
1016 2588 1065 2654 iia
1095 2588 1260 2670 adhibent,

61 2701 100 2759 nt
124 2693 257 2759 vocales
281 2722 301 2757 a
327 2721 343 2757 ο
367 2721 375 2757 ι
400 2695 518 2776 longae
541 2693 689 2775 syllabae
713 2694 824 2758 sedem
848 2699 1023 2775 occupent:
1054 2693 1088 2759 id
1112 2694 1197 2774 quod
1221 2696 1262 2759 er

61 2797 229 2879 epicorum
252 2815 331 2862 usus
354 2796 535 2862 imitatione
558 2795 735 2862 admissum
758 2816 832 2862 esse
853 2797 931 2862 mihi
954 2818 1012 2879 pro
1035 2802 1125 2866 certo
1148 2804 1209 2864 ost.

151 2901 243 2984 Quas
266 2903 307 2966 ob
329 2919 447 2966 causas
471 2920 606 2983 pergam
622 2902 710 2983 loqui
731 2903 791 2968 hoc
812 2902 895 2968 libro
914 2902 955 2968 de
979 2903 1262 2984 productione

137 3146 156 3212 ¹)
175 3145 245 3197 Huic
264 3147 322 3198 usui
341 3160 411 3211 quae
429 3159 483 3197 non
502 3146 709 3201 accommodata
728 3152 808 3213 snut,
826 3147 901 3201 velut
921 3152 1063 3219 erogitat
1081 3147 1155 3217 qnod
1174 3147 1261 3200 chori-

60 3231 138 3285 ambi
157 3231 246 3284 locum
266 3230 371 3286 obtinet
389 3230 488 3285 Kaibel
513 3247 555 3288 nr.
578 3238 639 3298 152,
658 3240 689 3301 4,
714 3250 768 3287 non
794 3232 933 3288 difficilem
959 3235 1064 3289 babont
1087 3234 1262 3303 explicatum.

61 3316 238 3372 Verebantur
256 3318 328 3371 enirn
348 3317 471 3370 nonnulli
491 3317 719 3386 epigrammatum
744 3330 870 3376 auctores
894 3330 943 3376 ant
967 3322 1123 3389 sculptores
1147 3321 1262 3375 nominis

60 3405 180 3458 sormam
200 3404 378 3472 productione
397 3406 500 3459 vocalis
519 3422 600 3473 quam
625 3423 719 3461 versus
744 3409 875 3475 poscebat
894 3408 994 3463 litteris
1013 3425 1144 3478 expressa
1163 3427 1179 3465 a
1197 3427 1262 3465 vera

60 3504 89 3547 et
109 3493 229 3561 genuina
249 3493 328 3545 nimio
347 3491 505 3558 deflectere,
530 3509 611 3562 quarn
635 3496 678 3548 vel
697 3512 757 3549 cum
776 3512 869 3550 versus
889 3497 989 3551 damno
1007 3497 1157 3564 legentium
1176 3497 1262 3551 oculis

61 3581 251 3646 incorruptam
271 3579 393 3634 subicere
413 3580 488 3634 haud
507 3581 565 3634 sine
585 3582 692 3636 ratione
710 3599 789 3636 snum
809 3589 920 3654 putasse
938 3584 1065 3638 videntur
1077 3600 1145 3652 prae
1163 3585 1262 3639 ceteris

60 3668 88 3722 id
108 3677 240 3735 agentes,
266 3677 296 3720 ut
320 3666 389 3720 fides
414 3668 487 3721 tituli
511 3668 643 3722 historica
661 3669 769 3736 integra
788 3678 986 3737 praestaretur.
1024 3672 1087 3725 Alia
1105 3671 1157 3725 hoc
1176 3687 1262 3739 genus

60 3756 149 3810 errori
175 3771 196 3810 s.
215 3755 388 3822 corruptelae
407 3756 540 3823 originem
560 3755 660 3809 debere
679 3763 808 3823 possunt,
833 3757 907 3810 velut
929 3759 1044 3825 quaein
1064 3757 1140 3812 libris
1159 3759 1260 3825 passim

60 3845 194 3911 leguntur
213 3844 392 3912 Πολυδάμας
416 3843 517 3909 eimm.;
544 3842 578 3896 cl.
597 3843 697 3897 Kaibel
723 3861 763 3898 nr.
784 3851 848 3912 aot,
872 3846 948 3922 cuius
972 3845 1045 3899 tituli
1070 3862 1163 3900 versus
1188 3847 1262 3915 prior

60 3932 176 3986 exhibet
197 3934 352 4004 Eernydpn,
371 3931 443 3985 aller
463 3934 640 4001 Serrnyo‘pnr
657 3931 706 3996 (sic
724 3932 808 3986 etiam
828 3949 868 3985 nr.
889 3939 948 3999 865,
968 3936 1003 4001 2).

134 4024 154 4083 ²)
174 4020 245 4072 Cave
264 4026 356 4072 tamen
378 4017 471 4072 ne'ad
496 4035 578 4071 uuum
604 4019 695 4072 omnia
722 4035 793 4087 quae
819 4018 955 4087 producta
981 4020 1069 4073 vocali
1096 4037 1168 4076 nune
1196 4024 1262 4077 reci·

59 4115 158 4160 tantur
177 4113 205 4158 et
224 4121 241 4158 a
260 4105 371 4159 Graecis
395 4121 503 4173 quoque
528 4106 688 4159 recentioris
712 4107 771 4160 aevi
791 4106 908 4159 recitata
933 4123 992 4161 esse
1017 4123 1081 4162 vero
1106 4111 1194 4165 simile
1219 4119 1262 4165 est
1302 4103 1308 4109 ’

59 4194 145 4247 etiam
166 4195 193 4246 in
212 4210 259 4247 ore
278 4193 397 4261 ipsorum
417 4201 560 4262 poetarum
580 4193 785 4262 productionem
807 4195 942 4261 recepisse
960 4205 1063 4249 temere
1081 4198 1186 4254 eredas.
1217 4200 1261 4253 ln-

58 4280 209 4333 reuiuntur
227 4281 255 4333 in
268 4280 386 4335 Homero
405 4281 499 4348 procul
519 4279 602 4335 dnbio
621 4295 691 4348 quae
711 4281 774 4333 olim
795 4291 920 4348 correpta
939 4283 1025 4337 vocali
1045 4301 1062 4339 a
1082 4286 1261 4340 recitantibus

57 4366 287 4434 proterebantur,
312 4384 479 4437 quamquam
497 4383 592 4422 versus
615 4377 645 4420 nt
665 4383 736 4420 ntrnc
753 4368 862 4434 quidem
882 4385 927 4422 res
945 4386 1005 4425 sese
1025 4371 1131 4427 habent
1149 4374 1260 4441 longam

56 4451 197 4521 syllabam
216 4453 267 4506 siti
286 4468 400 4520 poscere
418 4453 539 4509 videtur:
559 4470 631 4522 quae
650 4453 777 4523 expediet
798 4455 866 4511 liber
884 4456 988 4510 tertius.
