2956 5018
555 241 791 303 -391-

159 422 354 494 Coniectura
383 428 477 494 modo
510 427 678 508 proposita
707 446 749 492 ne
776 427 900 493 formae
929 428 1097 494 inauditae
1129 430 1266 496 alteram

70 547 136 592 non
180 529 284 611 magis
329 530 477 611 cuiquam
522 530 709 597 exauditam
749 536 873 597 temere
918 531 1071 596 substitui
1118 548 1265 611 querare,

69 631 300 712 imperativum
334 632 427 699 κλύτε
463 671 502 679 -
537 634 599 698 hac
631 653 785 700 mensura
818 652 913 714 quam
949 639 1045 700 acuto
1080 634 1193 702 notavi
1226 671 1266 681 -

70 736 160 816 apud
183 741 313 816 poetam
337 736 528 818 saepissime
551 755 721 803 occurrere
744 737 892 818 quamvis
916 738 1022 803 adbuc
1045 737 1133 803 viros
1154 739 1266 803 doctos

69 839 207 906 latuerit
229 840 454 905 demonstrare
477 841 626 905 conabor.

159 959 376 1043 imperativos
410 961 538 1025 κέκλῠθι
568 961 696 1026 adnutu
730 968 807 1026 sunt
837 961 891 1041 qui
921 980 980 1042 pro
1011 959 1125 1027 aoristi
1155 960 1266 1025 formis

69 1062 258 1142 venditent,
290 1063 371 1130 alios
401 1063 497 1131 video
527 1063 672 1145 perfecto
703 1064 884 1145 emphatico
893 1063 919 1148 ¹)
950 1062 1130 1145 assignare.
1177 1063 1266 1146 Quos

69 1171 184 1231 contra
207 1184 292 1246 quae
315 1165 379 1231 dici
400 1167 528 1248 possint
550 1187 591 1233 en
615 1167 742 1249 accipe!

161 1291 188 1352 1.
212 1287 356 1352 Perfecti
378 1287 564 1368 imperativi
587 1293 746 1370 quotquot
760 1286 852 1352 nobis
876 1285 1004 1367 quidem
1019 1285 1265 1370 innotuerunt⁹)

67 1391 163 1456 iuxta
184 1391 308 1456 habent
330 1391 413 1456 alias
436 1389 573 1474 periecti
595 1391 733 1456 formas:
768 1408 867 1455 unum
897 1391 1023 1454 κέκλυθι
1048 1394 1138 1455 esset
1158 1394 1263 1472 syste-

67 1492 165 1559 matis
195 1492 313 1559 oblivio
342 1493 391 1559 ita
421 1494 528 1560 obruti
560 1499 598 1560 ut
627 1499 809 1559 ceterarum
839 1511 882 1557 ne
911 1492 1018 1558 volam
1048 1491 1177 1573 quddam
1207 1498 1264 1558 aut

67 1595 244 1680 vestigium
266 1596 415 1664 invenire
435 1598 559 1664 liceret.

157 1718 186 1782 2.
224 1717 310 1782 Mira
344 1717 490 1798 profecto
521 1724 611 1783 esset
644 1723 825 1799 temporum
858 1718 1055 1798 permutatio
1086 1721 1186 1797 atque
1216 1716 1262 1782 in-

67 1821 194 1902 versio,
229 1819 257 1886 si
286 1820 320 1886 in
354 1821 463 1887 verbis
493 1820 648 1886 audiendi
681 1839 816 1901 quorum
846 1820 1035 1902 praesentia
1067 1821 1156 1886 haud
1189 1840 1264 1886 raro

66 1923 205 2005 perfecti
235 1923 306 1991 vice
336 1924 428 2008 fungi
457 1925 658 1991 notissimum
689 1930 740 1991 est
769 1924 881 2008 (Soph.
913 1925 1029 1990 Trach.
1062 1927 1125 1990 746
1152 1942 1199 2003 sq.
1231 1925 1265 1987 ἑν

67 2028 213 2111 ὄμμασιν
236 2027 392 2111 δεδορκώς
414 2027 472 2094 κού
494 2026 576 2094 κατὰ
605 2034 753 2113 γλῶσσαν
776 2027 924 2111 κλύων)’)
948 2027 1113 2093 contraria
1135 2026 1263 2092 ratione

65 2130 216 2214 pensata
248 2132 433 2213 praesentis
466 2152 582 2198 munus
615 2133 648 2198 in
683 2152 718 2198 se
756 2131 921 2213 suscipere
958 2131 1150 2212 potuissent.
1195 2130 1264 2195 Nec

65 2234 205 2318 contigit
227 2234 313 2314 quod
335 2234 368 2299 in
386 2235 520 2316 δέδορκα
543 2266 565 2289 =
581 2238 680 2318 δέρκω
703 2234 892 2314 frequenter
911 2253 972 2300 usu
995 2234 1134 2300 venitin
1158 2232 1280 2299 ἀκούω-

63 2339 171 2404 locum
193 2338 315 2404 babere
336 2338 390 2404 vel
413 2358 476 2404 uno
501 2338 647 2419 exemplo
671 2338 904 2402 demonstrare.

155 2462 184 2525 3.
209 2458 444 2525 Consuetudini
461 2459 677 2526 vetustiorum
700 2457 833 2538 quinon
856 2458 1032 2539 praesenti,
1057 2459 1115 2523 scd
1139 2457 1261 2524 eoristo

64 2561 211 2627 adhibito
235 2567 272 2627 ut
294 2561 470 2629 audiantur
493 2563 601 2628 solent
614 2562 765 2647 rogare⁴)
789 2580 947 2643 praesens
970 2561 1040 2628 sive
1056 2561 1142 2642 quod
1166 2580 1259 2642 prae-

64 2664 169 2730 sentis
184 2665 289 2731 locum
304 2669 397 2731 tenet
410 2664 591 2746 perfectum
606 2671 778 2748 repugnat.
802 2666 849 2732 Ut
863 2671 958 2730 κλῦθι
975 2668 991 2744 ζ
1006 2666 1070 2730 325
1085 2693 1107 2718 =
1123 2661 1261 2728 ἄκουσον

63 2769 149 2849 326,
184 2767 230 2834 sic
264 2769 391 2834 κέκλυτε
424 2769 455 2833 h.
485 2770 517 2834 h.
548 2773 610 2851 Ap.
642 2773 706 2835 334
732 2800 753 2824 =
782 2768 942 2836 ἀκούσατε
975 2772 1049 2835 337.
1095 2766 1185 2850 Ergo
1219 2767 1260 2832 de

64 2869 212 2953 poliecto
235 2873 365 2938 κέκλυθι
387 2877 496 2940 aetum
519 2872 659 2940 videtur.

152 2992 199 3056 At
220 2990 298 3056 mibi
320 2990 439 3057 obicies
469 3009 531 3071 quo
555 2992 760 3059 ratiocinatio
788 3013 861 3059 mea
883 2994 1095 3059 subvertatur
1118 3011 1158 3056 ex
1181 2991 1257 3071 Epi-

63 3096 196 3160 charmo
220 3093 357 3174 petitum
380 3093 549 3179 ninives,⁵)
573 3093 801 3175 imperativum
824 3102 858 3161 et
884 3097 999 3178 ipsum.
1046 3093 1169 3175 Audio,
1200 3094 1259 3159 sed

63 3205 102 3264 ut
135 3197 252 3278 pedem
284 3196 409 3263 referre
443 3216 543 3279 cogar
575 3196 710 3263 fortiore
745 3218 826 3280 opus
858 3199 920 3264 erit
942 3202 1145 3281 argumento.
1191 3195 1258 3260 Ad-

63 3300 232 3368 versarius
260 3301 345 3367 enim
375 3301 430 3382 qui
453 3319 537 3366 unus
568 3300 758 3381 producitur
791 3307 906 3367 contra
939 3302 1125 3368 universam
1156 3298 1257 3365 Grae-

62 3423 174 3470 corum
211 3406 339 3471 turbam
377 3405 622 3473 submovebitur
662 3405 793 3488 negotio
832 3405 930 3470 nullo.
987 3403 1174 3484 Epicharmi
1210 3402 1257 3467 in-

138 3612 284 3680 ι1011111111
301 3610 385 3669 Verb.
404 3611 445 3664 11¹
463 3617 505 3668 25.
541 3611 572 3664 L.
592 3612 687 3680 Meyer
707 3611 753 3664 Gr.
773 3613 897 3667 11111.
934 3610 966 3663 G.
987 3609 1081 3679 Meyer
1101 3615 1111 3647 ¹
1128 3609 1144 3679 ξ
1164 3614 1257 3676 obde

61 3716 89 3767 p.
109 3705 169 3752 159.
205 3698 371 3753 1111111111ιί
389 3698 436 3766 qui
453 3698 570 3753 acrisios
589 3696 771 3765 reduplicatos
790 3695 826 3749 ad
843 3696 996 3763 perfectum
1015 3696 1152 3764 pertinere
1170 3695 1258 3749 credit

62 3784 108 3853 (de
126 3800 184 3842 eor.
202 3800 255 3841 sec.
277 3788 318 3852 lo)
336 3787 475 3840 sententia
493 3789 588 3853 aperte
606 3784 679 3839 salsa
697 3789 747 3840 cat.

136 3870 156 3936 ¹)
175 3869 346 3926 Eutheriord
365 3869 402 3924 ad
420 3871 502 3931 Babr.
521 3870 578 3926 sab.
600 3876 640 3937 15,
659 3876 674 3923 3
692 3886 718 3938 p.
738 3875 771 3924 12
793 3868 921 3924 editionis
939 3884 1014 3923 suec.

135 3958 156 4022 ⁸)
174 3955 306 4012 Knehner
323 3957 350 4010 11
372 3964 382 4010 1
403 3973 429 4024 p.
451 3962 496 4009 111
517 3972 557 4024 sq.
576 3956 602 4026 (§
620 3961 679 4022 382,
699 3960 733 4019 4).

132 4046 253 4112 opor.
283 4048 376 4098 ross.
405 4047 498 4098 aare.
527 4041 1108 4108 1111.«111111111111111.
1138 4039 1255 4108 Hippon.

64 4135 150 4196 1111.
187 4127 265 4186 Pind.
284 4128 317 4181 N.
336 4128 389 4181 VII
408 4133 431 4180 2.
464 4128 493 4184 P.
512 4127 550 4180 Vi
572 4134 593 4184 1.
624 4127 765 4183 Accedunt
789 4127 842 4182 loci
866 4128 911 4195 qui
936 4129 1020 4180 κλῦθι
1044 4129 1123 4181 zion
1144 4127 1255 4180 habent.

62 4216 228 4283 Exemplum
248 4215 289 4269 sui
307 4214 416 4282 generis
434 4220 457 4267 Β
477 4220 528 4266 boo
551 4217 677 4287 (ἠρέμας
703 4206 753 4280 ἧσο
778 4220 824 4268 καὶ
847 4216 940 4268 ἄλλων
966 4214 1064 4283 μῦθον
1091 4217 1178 4267 ἄκουε
1203 4213 1256 4266 huc

63 4317 118 4356 non
143 4308 259 4370 spectet
280 4328 309 4340 -
330 4299 416 4355 Attici
437 4300 578 4366 praeconis
602 4306 646 4354 eet
669 4299 737 4354 iliud
764 4304 881 4356 11111111
909 4303 976 4371 λεῴ,
1000 4301 1112 4355 Homeri
1137 4315 1204 4354 eevo
1227 4300 1255 4352 in

62 4388 160 4444 eadem
179 4402 209 4442 re
226 4387 358 4442 1111111111
377 4384 540 4453 praetulisse
558 4384 688 4440 videntur
706 4387 872 4454 (duodennes
894 4393 914 4440 Β
934 4387 1003 4452 2811.

134 4477 155 4541 ⁵)
174 4473 322 4528 Herodian.
343 4472 370 4525 11
389 4477 447 4539 810,
469 4473 537 4526 lab.
557 4487 591 4526 ex
609 4471 738 4527 Abrenaii
757 4473 783 4526 11
803 4478 853 4527 128
871 4474 1035 4529 1111111111.
