2940 5026
700 209 916 275 ..pgd

294 387 401 465 Huius
431 388 525 464 verbi
553 398 725 464 flexionem
755 399 952 465 homericam
982 405 1020 465 ut
1041 399 1273 481 intellegamus
1305 418 1407 480 pauca

206 504 451 585 praemonenda
484 510 561 570 sunt
591 503 632 569 de
655 504 871 569 reconditiora
895 505 1036 585 quadam
1060 503 1175 570 aoristi
1201 504 1406 572 formatione.

206 607 330 672 heristi
365 626 426 689 ope
461 628 624 674 consonae
660 636 679 672 ο
713 608 792 673 lacti
825 608 859 673 in
893 608 1086 674 sanseritica
1122 609 1237 691 bngna
1271 610 1407 691 proinde

206 716 306 792 atque
341 711 438 797 (Fick
473 712 575 778 GGA.
611 715 710 794 1881,
747 713 843 797 1423)
877 713 911 779 dn
948 713 1006 779 lat.
1042 712 1142 798 (reci)
1177 714 1262 781 slav.
1300 714 1406 802 (ιιὲοἴι)

205 818 352 884 vocalem
375 818 554 884 radicalem
577 818 686 884 nescio
718 836 781 899 qna
809 817 937 882 ratione
968 835 1068 898 saepe
1098 817 1288 899 producunt
1320 820 1406 886 cuius

205 922 253 987 rei
275 922 418 1006 vestigia
433 923 457 989 J
457 923 508 989 oh.
525 922 704 1010 schmidd)
727 924 761 989 in
776 922 904 1006 graecis
920 941 1047 1003 qnoque
1071 922 1175 1009 ε”φρια
1193 920 1230 1005 (=
1246 921 1405 1010 ’ἔφᾶιοαλ

205 1031 281 1091 cett.
310 1027 511 1109 deprehendi
541 1027 695 1110 coniecit;
730 1027 816 1093 idem
846 1027 880 1093 in
910 1026 1073 1092 radicibus
1104 1044 1188 1106 quae
1219 1030 1405 1095 exeuntia

205 1150 245 1195 eu
268 1131 425 1198 accidisse
449 1131 633 1214 suspicatus
657 1136 709 1197 est
730 1130 794 1197 nisi
816 1130 941 1196 fallitur
963 1130 1119 1196 memoria
1134 1131 1281 1197 Mahlow
1306 1133 1406 1198 allata

204 1233 361 1316 Hesychii
390 1236 502 1318 glossa
526 1247 608 1299 σεῖο·
634 1235 761 1312 ἐδιλοξα·
785 1235 932 1299 Βοιωτοί
949 1232 969 1298 i,
995 1252 1023 1298 θ.
1049 1241 1113 1305 σῆα
1138 1253 1179 1299 ex
1203 1234 1357 1323 ‘opinor'
1373 1243 1407 1304 ul

204 1337 270 1426 ἠώς
293 1358 334 1404 ex
357 1336 493 1424 *adoaia
519 1356 603 1418 quae
626 1339 738 1420 glossa
760 1343 871 1403 tamen
895 1336 1013 1403 dubiae
1035 1336 1183 1404 lectionis
1207 1339 1308 1425 θεολ)

290 1460 418 1526 Certior
441 1459 573 1527 videtur
587 1460 745 1544 Hesychii
767 1461 879 1543 glossa
896 1464 1024 1548 ἐοοῆαι·
1050 1461 1159 1546 ἐκχέαι
1176 1459 1210 1546 (i.
1229 1481 1258 1528 e.
1276 1466 1406 1531 ἐκοεῦαι

202 1564 384 1647 interprete
406 1565 583 1652 Meinehio)
606 1596 629 1621 =
651 1565 890 1653 *dn-opinaa,⁴)
920 1566 1011 1633 cicius
1034 1566 1187 1649 analogia
1208 1567 1326 1635 innixo
1350 1572 1404 1637 liu·

202 1689 281 1754 gere
311 1669 389 1737 licet
411 1689 452 1737 ex
482 1670 650 1753 praesenti
673 1673 769 1757 ipa'sa
797 1672 955 1738 aoristum
986 1677 1097 1758 ἐρῆαι,
1129 1671 1221 1738 cnius
1253 1675 1403 1743 coniunc-

202 1775 290 1844 tivus
322 1775 460 1863 ἐρήομιι
492 1776 614 1860 legitur
646 1785 682 1845 A
713 1779 753 1844 62
785 1778 880 1844 solido
911 1797 1001 1844 more
1032 1778 1251 1860 depravatus:
1288 1783 1405 1862 μάντιν

202 1881 364 1963 §pelopem
399 1879 454 1961 qui
491 1881 593 1947 falsos
623 1881 739 1947 habuit
775 1887 809 1947 et
846 1882 928 1948 alios
956 1872 1000 1948 ⁴et
1037 1882 1214 1949 Paechium
1254 1885 1404 1953 Curtium

201 1984 415 2066 Monroinm⁵)
460 2005 618 2068 praesens
661 1988 756 2072 ἔρρμι
799 1986 921 2052 nemini
962 1987 1149 2052 exauditum
1196 1993 1402 2075 statuentes;

200 2109 316 2173 parum
353 2092 536 2172 probabilia
570 2093 751 2158 docuerunt
783 2091 1025 2173 Wackernagel
1060 2096 1094 2156 et
1127 2091 1210 2156 Fick
1249 2095 1403 2179 ἑρεύομιι

199 2196 314 2278 reponi
343 2195 511 2279 iubentes,
546 2197 632 2278 qnod
663 2197 822 2278 quomodo
852 2196 886 2262 in
921 2198 1065 2279 ἐρείομεν
1094 2195 1214 2261 mutari
1245 2203 1401 2284 potuerit,

200 2318 272 2366 cnm
296 2300 392 2384 ἔχευα
409 2299 547 2367 ἀλεύατο
564 2303 683 2367 ἔσσευα
698 2301 888 2382 incorrupta
904 2304 1047 2366 aetatem
1071 2299 1215 2384 tulerint,
1226 2301 1254 2389 6)
1279 2306 1401 2372 addere

200 2405 389 2472 omiserunt.

285 2534 322 2593 A
345 2531 406 2594 611
434 2527 517 2611 ἔρειο
541 2528 628 2608 quod
649 2525 854 2608 imperativis
880 2538 973 2592 οιιεῑο
998 2529 1100 2592 albato
1123 2545 1181 2593 suo
1210 2526 1283 2595 loco
1318 2535 1398 2596 trac·

198 2631 308 2698 tandis
346 2631 428 2698 satis
471 2631 647 2696 defendere
685 2649 830 2711 nequeas
873 2631 990 2696 cedere
1033 2636 1163 2712 oportet
1201 2631 1398 2714 imperativo

198 2737 321 2819 aoristi,
346 2737 401 2817 qui
424 2737 629 2803 coniunctivo
650 2737 787 2823 ὲρὴομιο
810 2756 835 2802 s.
850 2740 995 2821 ἑρειόμοα
1010 2743 1164 2803 accurrate
1187 2740 1397 2821 respondeat

197 2845 292 2928 ε”ρηοα
330 2861 355 2907 s.
392 2839 503 2925 ἔρειοι.
560 2840 772 2906 Recentiores
810 2840 916 2907 forma
953 2841 1033 2923 ipsis
1071 2841 1195 2907 usitata
1230 2844 1304 2926 ἔρεο
1346 2843 1396 2929 (cf.

197 2947 346 3035 ἐρέσθαι)
370 2946 495 3012 Inducti
518 2951 553 3011 et
583 2959 676 3011 οαεῖο
706 2946 801 3012 modo
834 2945 1077 3012 commemorati
1105 2945 1216 3012 fallaci
1244 2949 1396 3032 analogia

266 3194 286 3260 ²)
305 3190 361 3244 KZ.
375 3190 482 3244 XXVII
495 3194 553 3243 322.
568 3219 599 3227 -
613 3189 689 3243 Haec
707 3189 850 3257 productio
871 3188 947 3244 Initio
965 3205 983 3243 a
999 3188 1088 3243 medio
1107 3204 1208 3257 genere
1227 3190 1396 3244 abhorrebat

195 3278 269 3344 (doh.
289 3277 412 3333 Schmidt
434 3278 452 3330 l.
472 3278 514 3344 ll,
543 3293 595 3345 quo
624 3277 725 3332 lachim
755 3286 785 3331 ut
809 3277 946 3346 deponens
972 3273 1095 3349 ἅλλομαι
1120 3294 1174 3332 non
1201 3273 1339 3345 ’ἕλασθαι
1363 3304 1394 3323 --

194 3368 276 3419 *sula
294 3364 406 3432 habeat,
425 3363 473 3419 sed
492 3359 618 3419 diacona
637 3389 669 3408 =
688 3365 786 3432 *sols·;
806 3368 951 3431 αρ’λασθαι
969 3372 997 3420 et
1015 3364 1115 3419 similia
1134 3364 1345 3432 productionem
1363 3383 1394 3421 ex
1462 3350 1464 3358 ⁴

194 3454 290 3509 activis
309 3461 527 3520 assumpserunt,
552 3452 580 3506 id
605 3451 678 3520 qnod
703 3453 731 3505 in
755 3447 877 3522 ἅλλομαι
895 3452 939 3506 cni
958 3451 1076 3506 activum
1097 3451 1193 3506 decrat
1212 3454 1323 3508 evenire
1341 3469 1393 3508 non

192 3541 291 3607 potuit.
312 3571 344 3580 -
363 3541 404 3595 cf.
423 3549 516 3594 tamen
534 3555 604 3607 quae
624 3546 720 3594 eontra
739 3538 889 3608 disputavit
908 3540 1032 3594 Solnrsen
1051 3540 1106 3594 ΚΖ.
1121 3539 1214 3594 XXIX
1234 3547 1268 3594 65
1281 3557 1321 3610 sq.
1336 3548 1392 3595 3bd.

265 3628 284 3696 ⁸)
304 3627 417 3682 Meister
436 3628 520 3682 Diali.
540 3627 552 3679 I
572 3632 631 3680 Ill.
669 3631 711 3681 An
730 3634 818 3682 σίιοε·
839 3626 956 3686 detulisti?

262 3718 283 3786 ⁴)
302 3717 343 3771 De
367 3717 477 3771 notione
502 3714 536 3772 cf.
562 3721 587 3768 E
609 3721 658 3768 201
680 3732 718 3783 sq.
756 3719 786 3769 ia
810 3715 836 3767 d‘
861 3718 1053 3789 ἀμφοτέροιιν
1073 3717 1189 3790 (lupatria
1211 3707 1273 3785 οἶμ’
1293 3720 1393 3770 ἔσσευα

191 3808 296 3874 prelum
316 3811 343 3860 Φ
365 3808 411 3857 tel
432 3805 500 3856 σύτο
520 3801 545 3854 δ’
565 3794 646 3871 οἶμα.

263 3894 282 3962 ⁶)
301 3893 343 3945 Da
368 3897 459 3947 vetere
484 3890 648 3944 coniunctivi
672 3890 767 3957 graeci
791 3889 956 3946 formatione
981 3896 1022 3944 23.
1044 3921 1074 3929 -
1094 3890 1216 3945 Verbum
1236 3891 1277 3944 11²
1297 3898 1339 3945 58.
1362 3920 1390 3930 -·

191 3980 269 4034 Hom.
297 3995 411 4048 gramm.
438 3983 479 4031 la.
518 3976 626 4031 Miteris
652 3975 724 4044 quod
749 3977 785 4044 gl.
805 3977 935 4047 Hesychii
961 3980 1072 4051 ἔρημοι·
1095 3981 1236 4048 βούλομαι
1262 3981 1390 4053 ἐρωτήσω

190 4068 219 4122 in
249 4084 328 4122 suum
358 4084 436 4122 ustum
468 4082 523 4121 non
553 4072 752 4121 converterunt.
790 4066 900 4120 ConIcio
928 4068 1055 4137 ἐριῑομαι·
1082 4068 1225 4137 βούλομαι
1253 4068 1391 4142 ἐρωτῆσαι

191 4155 272 4224 (siout
296 4155 475 4212 Demosthen.
493 4155 561 4210 VIII
579 4160 612 4209 23
632 4155 717 4210 habet
735 4156 874 4224 βούλομαι
894 4155 1049 4228 ἐρωτῆσαι).

260 4246 282 4308 ⁸)
301 4241 357 4295 KZ.
378 4242 455 4296 XXV
474 4248 534 4301 228,
555 4273 585 4282 -
605 4245 638 4300 ΙΙ.
659 4249 690 4296 ld
710 4241 746 4297 ad
768 4247 797 4297 A
815 4248 856 4297 62.
876 4268 907 4281 -
928 4243 1091 4297 Praesentia
1106 4249 1175 4312 χελω
1194 4246 1282 4297 πλείω
1302 4250 1389 4298 nacho

189 4334 260 4382 θελοι
279 4345 333 4382 non
352 4344 386 4383 ex
400 4333 477 4400 χεύω
496 4336 548 4385 etc.
567 4339 698 4398 corrupta
717 4345 776 4384 esse
801 4329 885 4384 facile
904 4327 1085 4383 demonstrari
1105 4336 1203 4396 potest,
1228 4345 1252 4387 v.
1272 4328 1335 4384 libr.
1356 4329 1389 4386 II.

185 4423 255 4488 χελιο
275 4415 346 4486 (fut.)
372 4417 526 4473 solitaricim
550 4428 566 4488 β
586 4424 636 4471 222
663 4427 754 4472 utrum
783 4418 846 4471 olim
875 4417 903 4471 In
931 4416 1070 4471 codicibus
1098 4417 1198 4471 lectum
1226 4417 1263 4471 sit
1290 4434 1327 4473 an
1356 4432 1389 4471 ex

189 4505 340 4560 Ptolemaei
359 4507 515 4560 coniectura
534 4504 634 4574 (Cobet
652 4505 728 4558 Misc.
748 4505 808 4560 crit.
827 4509 887 4573 310)
905 4501 1016 4559 fluxerit
1034 4503 1177 4558 incertum.
