2940 5026
201 1154 300 1252 Quod
316 1185 433 1249 abhinc
451 1203 554 1248 annos
570 1188 726 1263 quattuor
741 1182 909 1265 Gryphiae
932 1183 1052 1263 prodiit
1069 1184 1313 1265 ‘Quaestionum

115 1293 351 1358 homericarum
382 1288 554 1370 specimen’
587 1288 720 1352 huiusce
750 1287 824 1351 libri
847 1287 941 1366 quasi
963 1286 1025 1351 fuit
1048 1287 1191 1367 prolusio
1215 1306 1314 1367 quae-

120 1398 196 1460 dam
218 1415 287 1459 curn
311 1394 466 1459 universa
488 1413 524 1457 re
548 1412 644 1472 quam
660 1391 737 1456 mihi
759 1389 882 1470 sumpsi
905 1391 1111 1454 tractandam
1135 1396 1202 1454 tam
1225 1396 1315 1455 arcte

123 1517 244 1562 conexa
266 1503 301 1561 ut
323 1496 587 1577 scriptiunculam
616 1497 705 1560 illam
735 1495 897 1576 integram
920 1495 978 1558 sed
1009 1494 1118 1558 multis
1143 1513 1214 1559 eam
1237 1494 1315 1558 locis

122 1602 322 1666 emendatam
352 1607 386 1666 11
415 1608 543 1667 auctam
574 1599 837 1683 ί1111111111111111111
861 1598 970 1679 epicis’
995 1599 1101 1663 denuo
1124 1599 1224 1663 inseri
1247 1599 1315 1679 pla-

118 1712 223 1788 ceret3
255 1707 441 1771 continetur
471 1712 581 1771 autem
610 1704 684 1769 libri
714 1702 809 1784 primi
838 1701 998 1782 capitibus
1030 1703 1154 1767 duobus
1184 1702 1314 1767 ultimis

117 1810 182 1873 Res
198 1810 351 1874 inchoata
373 1810 465 1875 brevi
481 1808 550 1874 fore
574 1814 773 1890 temperent
794 1808 1022 1873 absolveretur
1038 1814 1072 1873 et
1093 1808 1175 1873 libro
1192 1806 1315 1871 modico

118 1920 195 1978 tunc
223 1915 352 1993 quidem
383 1933 458 1994 spes
490 1920 577 1995 erat,
610 1915 668 1979 sed
699 1933 771 1978 cum
802 1932 879 1977 cura
910 1931 992 1991 quae
1023 1912 1056 1976 in
1087 1930 1192 1976 meum
1224 1929 1315 1975 usum

118 2018 318 2081 coniecerant
340 2018 374 2082 in
397 2019 564 2082 chartulas
592 2017 788 2083 retractanti
819 2015 972 2081 materies
1004 2015 1123 2079 sensim
1153 2014 1186 2079 in
1218 2014 1317 2094 ampli

118 2119 289 2184 voluminis
312 2120 441 2184 modum
465 2121 611 2186 excrevit
633 2120 696 2200 ipsi
718 2140 778 2184 nec
794 2119 941 2200 speranti
964 2138 1024 2183 nec
1048 2119 1179 2183 volenti.
1212 2119 1317 2200 Quam

118 2224 201 2287 enirn
237 2243 315 2289 vere
349 2225 392 2288 sit
426 2225 546 2289 dictum
579 2225 658 2289 illud
694 2225 871 2290 doctissimi
901 2229 1018 2304 poetae
1050 2223 1190 2288 omnium
1221 2223 1316 2287 hodie

117 2327 352 2409 philologorum
384 2347 439 2393 ore
471 2329 697 2408 decantatum,
728 2329 811 2411 μέγα
835 2315 966 2408 propltio
988 2327 1071 2410 μέγα
1097 2325 1209 2404 κακόν,
1241 2326 1316 2389 dum

119 2450 223 2494 meum
247 2432 412 2497 conscribo
437 2432 573 2497 aliorum
597 2432 667 2497 sive
690 2437 819 2497 attenta
842 2431 912 2496 acie
936 2431 1106 2511 pervoluto
1130 2430 1199 2496 sive
1216 2429 1317 2494 oculis

118 2553 239 2615 usurpo
263 2536 395 2617 rapidis,
420 2537 490 2618 ipse
514 2542 669 2617 expertus
692 2555 762 2600 sum
786 2533 1004 2599 multifariam.

118 2640 122 2644 ’
207 2640 301 2703 rinno
325 2639 470 2719 proximo
494 2640 627 2705 1111111111
651 2639 724 2703 libri
747 2639 978 2718 manuscripti
1001 2658 1078 2718 pars
1102 2634 1204 2702 maior
1227 2638 1317 2718 prelo

120 2742 258 2823 tradita3
290 2744 343 2822 qui
374 2743 519 2823 potuerit
544 2742 614 2807 fieri
642 2747 679 2805 ut
701 2741 797 2821 longo
822 2741 950 2804 demum
973 2739 1147 2806 intervallo
1171 2739 1253 2804 liber
1276 2740 1316 2802 ad

121 2846 302 2911 umbilicum
338 2848 574 2928 perduceretur
608 2852 642 2910 et
676 2864 832 2908 enarrare
866 2845 979 2908 taedet
1012 2850 1177 2908 auctorem
1212 2862 1318 2921 neque

120 2950 202 3014 scire
231 2951 350 3015 attinet
379 2951 530 3015 lecturos.
577 2951 699 3014 Eorum
731 2968 815 3027 quae
845 2947 974 3012 interim
1004 2948 1092 3010 foras
1124 2946 1212 3010 edita
1242 2952 1318 3011 srrnt

120 3054 252 3117 adhibui
283 3060 317 3116 11
345 3053 378 3117 in
413 3052 486 3116 libri
520 3053 582 3117 mei
617 3070 711 3117 usum
743 3052 890 3118 converti
925 3057 1081 3131 quantum
1112 3051 1181 3114 fere
1216 3050 1316 3131 potui.

120 3157 286 3221 Kuehneri
311 3162 419 3220 tanren
442 3154 676 3236 grammaticae
699 3155 868 3222 redivivae
898 3174 969 3219 cum
998 3154 1073 3218 mihi
1097 3154 1206 3218 adlata
1230 3159 1319 3218 esset

119 3260 364 3339 typothetarum
400 3279 500 3340 opera
535 3260 577 3324 ad
612 3262 707 3325 11111111
741 3259 804 3323 iam
839 3266 997 3341 vergente
1029 3278 1135 3339 neque
1165 3259 1257 3324 licuit
1286 3259 1318 3322 111

120 3362 219 3426 studii
260 3362 448 3442 impendere
491 3363 576 3443 quod
616 3382 751 3443 poscere
792 3363 908 3427 merito
951 3363 1142 3428 viderentur
1183 3363 1318 3427 editoris

120 3485 235 3529 nomen
271 3469 305 3528 et
335 3465 473 3529 eruditio
504 3485 564 3529 nec
594 3465 699 3529 lubuit
727 3466 813 3545 quod
842 3485 896 3529 res
927 3472 961 3530 11
990 3472 1118 3547 tempus
1156 3466 1316 3546 sinerent;

119 3567 234 3630 librum
269 3587 340 3631 curn
371 3568 426 3632 vix
457 3567 568 3649 digitis
607 3568 790 3651 attigissem
824 3576 862 3634 ut
895 3569 987 3634 aiunt
1017 3569 1171 3634 extremis
1206 3569 1317 3633 statim

120 3671 255 3752 deposui
293 3672 333 3734 de
371 3671 519 3736 manibus
557 3673 622 3738 alia
660 3674 828 3739 occasione
867 3680 900 3738 et
937 3673 1041 3755 magis
1080 3691 1119 3736 ea
1157 3678 1318 3752 oportuna

120 3781 354 3855 resumpturus.

207 3879 241 3942 Si
265 3879 318 3959 qui
341 3879 436 3943 huius
464 3879 549 3944 sorte
579 3879 652 3945 libri
683 3899 853 3946 censuram
884 3885 985 3962 agent
1014 3898 1111 3944 manu
1139 3881 1319 3946 versabunt

121 4000 239 4048 novum
279 3984 508 4048 vocabulorum
546 3984 780 4049 homericorum
824 3985 961 4049 indicem
1007 3985 1049 4049 ad
1095 4003 1172 4049 usus
1217 3985 1318 4049 multo

121 4086 296 4165 aptiorem:
322 4086 526 4151 meminerint
549 4087 645 4152 velim
668 4087 722 4151 illo
746 4107 797 4152 me
821 4089 866 4152 uti
891 4090 1033 4153 nondum
1057 4089 1212 4170 potuisse.

209 4190 346 4254 Formas
374 4190 561 4255 coniectura
586 4192 677 4256 velut
699 4191 919 4272 interpositas
945 4192 1059 4272 qrribus
1083 4211 1317 4272 saepenumero

120 4293 152 4356 in
169 4294 300 4358 traditis
317 4314 397 4375 opus
414 4302 465 4360 est
487 4295 549 4360 rite
566 4294 775 4376 explicandis,
800 4297 937 4363 stelhdis
954 4300 1143 4379 plerumque
1165 4297 1319 4380 insignivi

122 4417 162 4462 111
185 4417 274 4463 more
298 4400 599 4480 guarrnnaticorurn,
631 4400 689 4466 sed
719 4400 890 4466 hincinde
914 4400 1041 4485 graecis
1065 4400 1255 4482 quibusdam
1278 4419 1318 4466 ue
