2956 5040
584 197 820 264 -265-

104 426 145 435 ·-
169 407 234 469 qua
257 387 487 453 observatione
510 386 694 452 felicissime
714 388 922 455 difficultates
945 389 1078 456 sustulit
1101 407 1182 468 quas
1206 409 1297 470 prae·

102 491 175 557 huit
203 489 377 572 explicatio
400 490 528 557 illorum
552 489 642 577 ἤειίλη
674 491 758 575 luipo
781 501 825 571 (>
850 491 997 579 ἠ’μόριιε)
1026 498 1102 559 cett.
1114 493 1137 578 ¹)
1163 531 1202 540 -
1226 513 1298 574 per·

101 587 191 662 fecta
228 600 338 660 autern
383 595 673 677 reduplicationem
711 597 879 681 uolgarem
915 620 986 682 fef·
1024 597 1178 664 habuisse
1214 597 1300 663 idem

101 699 202 767 evicit
216 698 418 781 argumentis
441 698 687 765 certissimis-
705 703 858 768 attendas
880 703 1036 785 imprimis
1053 702 1157 786 ἑώραε
1180 702 1299 788 ἑόρακα

102 803 320 889 Atuoorumh
350 802 511 887 (epidaur.
541 802 624 888 ἐώρη
652 803 838 892 decretal)
870 845 928 889 -‚
964 807 1051 873 rende
1081 806 1229 887 sequitur
1258 826 1300 871 ne

102 913 132 974 Σ
153 910 217 974 418
241 908 369 989 quidem
391 920 569 994 μιμοικοῑοι
593 908 797 975 scribendum
822 911 939 995 essai)
988 911 1130 978 Brevem
1153 911 1299 978 vocalem

101 1013 236 1095 insuper
258 1018 424 1080 testantur
446 1014 530 1079 hom.
553 1014 681 1097 sescena
705 1015 922 1096 recentiorum
946 1016 1034 1081 ἐόικιι
1060 1012 1141 1081 οἶκοι.

174 1260 194 1329 ¹)
213 1259 311 1315 Omisit
328 1260 433 1314 homer.
453 1262 568 1332 εἰμιείμι
587 1281 621 1308 <
641 1261 816 1332 *dn-dfert,
836 1275 889 1327 quo
909 1259 942 1313 de
961 1260 1019 1326 ipse
1039 1259 1092 1313 ΒΒ.
1112 1260 1149 1314 IV
1169 1266 1220 1313 810
1239 1277 1298 1313 cnm

101 1348 164 1403 aliis
181 1347 300 1415 (dhrena
320 1347 411 1402 Sonne
428 1347 485 1403 KZ.
506 1348 573 1400 XIII
593 1353 652 1403 rat.
678 1348 751 1402 Crtrt.
771 1347 853 1402 Verh.
874 1347 899 1398 1²
920 1351 976 1401 133.
1014 1345 1046 1403 G.
1064 1347 1160 1416 Meyer
1179 1352 1189 1384 ‘³
1214 1345 1297 1416 §hal

100 1451 128 1502 p.
154 1442 202 1487 101
224 1439 289 1498 etc.)
317 1450 461 1503 perperam
488 1435 627 1490 iudicavit.
665 1433 744 1502 Quod
773 1457 786 1499 q
815 1433 949 1488 intactum
976 1442 1103 1488 servatur
1129 1433 1173 1500 (cf.
1202 1439 1299 1488 contra

101 1524 175 1581 Ζεύς
196 1542 227 1569 <
247 1524 347 1592 ’τῆἤῆος
366 1548 399 1566 --
418 1530 482 1577 sort.
508 1524 618 1592 dgnus),
642 1522 707 1575 inde
734 1520 853 1589 explices
879 1520 951 1588 quod
978 1522 1095 1589 ιε’ττῆύριι
1118 1536 1152 1576 er
1172 1522 1298 1593 ὀἵτιῆμριι

101 1617 191 1663 ortum
210 1617 259 1676 eet,
282 1609 380 1678 ‘quo'r
399 1624 454 1663 non
473 1610 554 1663 item:
580 1624 612 1662 eo
637 1616 760 1676 tempore
783 1624 837 1677 quo
862 1629 894 1674 qn
913 1608 942 1661 in
962 1627 992 1662 ευ
1010 1608 1087 1676 abiit,
1112 1628 1159 1680 qrp
1179 1607 1297 1664 nondum

101 1699 130 1751 in
150 1718 200 1766 ἤιιρ
214 1704 349 1751 mutatum
370 1696 455 1750 fuisse
468 1711 502 1749 ex
520 1696 573 1749 hoc
587 1696 646 1763 ipso
666 1696 782 1768 clnqo'pa
795 1694 978 1762 colligendum
997 1704 1099 1750 est-
1118 1697 1160 1750 De
1179 1699 1299 1766 ἤμελλον

101 1785 250 1854 ἤδυνᾶμῆν
269 1802 293 1836 v.
312 1783 344 1840 G.
364 1784 458 1853 Meyer
478 1789 488 1820 ²
507 1782 586 1854 §tto
605 1800 630 1851 p.
649 1787 708 1839 422.
733 1785 852 1852 ἤμελλον
871 1781 944 1853 quod
964 1782 999 1838 ab
1016 1783 1128 1837 Homeri
1147 1783 1299 1838 elocutione

101 1872 181 1927 abest
200 1888 234 1927 ne
252 1871 373 1927 Hesiodo
392 1872 500 1940 quidem
520 1871 724 1940 relinquendum
745 1872 809 1939 erit3
829 1886 892 1924 uam
906 1871 1045 1939 Theogon.
1059 1878 1109 1924 418
1128 1888 1179 1941 pro
1198 1875 1298 1942 ἤμελλε

101 1966 234 2014 τεκέσθαι
265 1959 439 2015 scribendum
471 1973 530 2014 esse
562 1960 691 2018 τέξεσοκι
720 1962 835 2028 ἔμελλεν
863 1958 941 2014 docet
974 1961 1145 2027 comparatio
1172 1975 1297 2014 versuum

101 2054 152 2101 toa
165 2065 204 2116 sq.
219 2054 242 2101 T
253 2055 286 2100 98
299 2050 395 2116 ἔμελλε
409 2076 442 2085 -
453 2048 594 2109 τέξεσθαι,
607 2047 633 2099 h.
647 2046 673 2104 h.
689 2045 778 2113 Apoll.
794 2052 841 2098 101
856 2048 988 2105 τέξεσθαι
1002 2078 1035 2086 -
1049 2051 1170 2117 ἔμελλεν,
1190 2048 1297 2102 Primus

101 2135 186 2203 igitur
214 2133 320 2189 formae
347 2137 468 2203 ἤμελλον
498 2134 577 2187 testis
604 2142 646 2187 est
673 2139 770 2186 auctor
800 2133 960 2200 appendicis
987 2133 1165 2202 Theogoniae
1193 2136 1298 2204 (Meyer

102 2222 242 2290 componit.
262 2221 391 2287 theogon.
404 2219 514 2274 Hesiod.
534 2226 566 2272 83
586 2224 653 2287 sqq.)
673 2225 724 2273 888
742 2235 781 2286 sq.
801 2224 945 2290 ἤμελλε-
962 2223 1093 2280 τέξεσθαι
1112 2228 1162 2275 838
1182 2225 1297 2292 ἤμελλεν

102 2312 240 2369 reiecero.
260 2308 425 2375 corruptela
438 2308 512 2362 haud
531 2307 587 2361 scio
601 2323 637 2361 an
657 2308 711 2360 iarn
726 2317 790 2363 ante
804 2308 966 2363 Callimachi
986 2317 1106 2363 aetatem
1120 2308 1297 2377 Theogoniae

61 2439 66 2445 .
101 2395 207 2451 codices
227 2397 369 2465 invaserit;
387 2394 421 2448 ci.
442 2407 532 2450 τεκεῖν
552 2398 651 2464 ἤμελλε
672 2395 777 2449 Gallim.
797 2397 823 2449 h.
845 2396 904 2451 Del.
926 2403 958 2450 58
977 2396 1088 2460 (Kaihel
1107 2403 1166 2465 311,
1188 2398 1220 2464 l).

173 2485 193 2552 ²)
210 2483 308 2537 Nauck
327 2484 448 2538 Bullatin
473 2485 506 2538 de
531 2483 551 2537 l’
571 2483 656 2539 head.
685 2483 724 2540 St.
752 2484 937 2552 Petershourg
964 2483 1057 2537 XXIV
1083 2489 1142 2540 318.
1180 2484 1300 2538 Dindorf

101 2570 137 2624 ad
161 2571 337 2626 Demosthen.
366 2571 409 2625 ed.
436 2571 542 2628 Teubn.
560 2565 622 2625 rol.
653 2572 665 2624 Ι
696 2588 722 2639 p.
746 2578 786 2624 34.
823 2572 902 2626 Koclr
921 2572 956 2626 ad
976 2573 1074 2640 Eupol.
1093 2566 1174 2641 frgm.
1196 2578 1253 2639 181,
1273 2578 1296 2626 3.

100 2658 201 2712 Parum
227 2668 301 2714 recte
327 2660 431 2715 iudicat
458 2677 480 2713 v.
506 2660 644 2727 Bamherg
668 2659 774 2715 ZfGW.
802 2660 922 2715 XXVIII
949 2666 990 2714 22.
1013 2661 1129 2715 -Cum
1158 2659 1297 2728 digamma

100 2746 173 2800 inter
190 2745 300 2800 vocales
318 2747 436 2813 positum
456 2747 514 2800 sine
532 2747 647 2815 vestigio
666 2747 761 2801 relicto
786 2749 997 2802 intermortuam
1021 2764 1081 2803 esse
1100 2749 1242 2818 probabile
1260 2750 1297 2803 sit

99 2835 244 2908 (οἰκουρός
263 2861 296 2880 ==
316 2835 498 2909 'olaosopdeh
517 2843 663 2903 expectare
688 2835 818 2891 debemus
844 2836 961 2910 (Ἰορειίο
981 2839 1114 2910 *ἤμόριιον
1138 2840 1295 2909 *seriptum

99 2923 177 2992 ὁριίω
197 2922 327 2995 (ἰῆόρων)
348 2923 443 2995 ἐώρων
462 2923 574 2997 ἑόρακα.
612 2921 666 2976 Sed
692 2929 722 2976 ut
744 2930 840 2991 postea
866 2942 902 2978 εω
930 2941 962 2977 ex
986 2923 1157 2992 imperfecto·
1175 2924 1211 2977 ad
1235 2940 1296 2991 per·
1327 2942 1335 2957 ·

100 3008 211 3076 sectum.
231 3010 269 3063 sic
288 3009 399 3078 spiritus
417 3024 499 3077 asper
517 3024 532 3063 e
550 3009 689 3064 contrario
707 3025 741 3064 ex
759 3009 881 3077 perlecto
894 3009 930 3063 ad
949 3010 1139 3078 imperfectum
1152 3012 1297 3066 traductus

100 3103 156 3163 est,
184 3095 256 3150 unde
283 3104 430 3150 evaserunt
457 3094 561 3151 formae
586 3113 654 3166 quas
682 3103 818 3152 nostrates
843 3104 949 3152 veteres
972 3100 1111 3154 technieos
1136 3099 1295 3165 (Herodian.

98 3183 131 3239 Il.
150 3183 265 3237 Prosod.
284 3187 315 3235 Ν
332 3189 390 3236 543.
410 3181 608 3250 11.ΙΙ81,33
640 3183 1091 3250 menecratem1omsecutiin
1110 3184 1297 3252 grammaticis

100 3270 177 3323 libris
201 3278 232 3322 ut
258 3269 396 3335 legitimas
423 3284 579 3338 propagare
606 3269 732 3324 solebant
759 3271 854 3344 ἑώρων
882 3272 999 3345 ἑώρακα.
1038 3271 1129 3339 (Quae
1154 3271 1297 3339 disputant

99 3358 180 3413 Giese
198 3359 268 3414 aeol.
288 3358 359 3412 Dial.
378 3364 440 3424 401,
468 3356 539 3411 Ehel
557 3357 614 3414 ΚΖ.
633 3357 657 3411 V
676 3364 722 3425 06,
751 3357 1062 3427 SavelsbergV11380‚
1091 3359 1185 3413 Christ
1212 3362 1296 3414 Laut·

101 3444 178 3498 lehre
206 3451 253 3498 100
277 3445 310 3500 de
337 3446 433 3515 ἑώρων
461 3447 560 3514 simm,
589 3445 656 3498 mihi
683 3461 737 3499 non
765 3451 982 3512 persuaserunt).
1019 3446 1183 3500 vetustioris
1214 3456 1296 3501 notae

97 3531 250 3600 perfectum
269 3534 373 3606 ἑόρακα
392 3549 465 3587 nunc
483 3533 602 3587 omniurn
626 3535 653 3588 in
673 3548 721 3588 ore
745 3539 799 3600 est,
825 3532 874 3587 sed
897 3546 950 3584 non
974 3530 1083 3585 ridetur
1105 3531 1296 3598 imperfectum

99 3622 195 3692 ἐώρων
214 3620 288 3674 cuins
307 3619 361 3675 duo
379 3619 469 3675 habeo
487 3620 613 3688 exempla
632 3636 746 3687 quorum
765 3620 883 3674 alterum
908 3628 1013 3673 certum
1032 3618 1129 3673 iudico.
1166 3620 1200 3672 In
1218 3623 1296 3675 Anti·

99 3707 165 3774 goni
184 3709 255 3782 regis
274 3706 309 3761 ad
328 3707 442 3762 Ilienses
461 3709 579 3774 epistula
602 3711 637 3774 (a.
658 3714 708 3760 304
736 3707 778 3760 vel
803 3712 854 3759 303
880 3722 905 3760 a.
932 3706 995 3763 Chr.
1019 3712 1055 3771 n.)
1087 3707 1209 3760 Dittenb.
1230 3707 1295 3777 Syll.

98 3809 140 3848 nr.
161 3799 227 3861 120,
246 3794 321 3848 euius
345 3793 459 3848 dictioni
484 3796 511 3848 in
536 3796 580 3850 his
607 3795 689 3849 rebus
717 3795 890 3861 aliquantum
916 3794 1090 3849 auctoritatis
1114 3808 1174 3848 esse
1198 3794 1296 3848 docent

99 3880 150 3950 εἶφ’
171 3872 204 3935 οὗ
228 3884 375 3951 capreolum
399 3885 595 3957 μεθειιρώντειι
620 3881 664 3952 ἐφ’
691 3874 732 3940 οἷς
761 3884 1032 3954 προσαᾳιορισθῆναι
1060 3881 1104 3952 ἐφ’
1130 3881 1204 3949 ἡμεῖς
1229 3883 1295 3934 καθ’

99 3963 138 4020 ιῖν
156 3968 208 4039 εἰμ’
228 3961 258 4035 ἤς
283 3968 346 4037 (bis)
373 3977 477 4039 μῆθελς
505 3972 548 4037 (ex
576 3969 728 4024 recentiore
755 3984 806 4022 usu
834 3968 966 4036 saepius),
996 3968 1097 4038 legitur
1123 3985 1147 4022 v.
1174 3974 1221 4021 110
1245 3972 1295 4022 οιίκ
1399 4040 1401 4047 J

99 4058 239 4128 ἑωρῶμεν.
276 4055 375 4111 Kaihel
399 4074 439 4111 nr.
463 4063 512 4110 311
533 4058 682 4124 (inventum
706 4072 791 4125 prope
814 4056 932 4126 Smyrn.)
950 4064 1045 4132 extare
1063 4057 1170 4111 videtur
1197 4056 1295 4111 editori

100 4145 199 4198 οὔποτ’
219 4145 301 4216 ἐώρα,
321 4160 392 4212 quae
410 4144 502 4198 forma
520 4144 616 4212 quanti
635 4145 663 4197 iu
681 4144 735 4198 hac
753 4144 914 4213 quaestione
933 4142 1061 4198 iacienda
1079 4145 1115 4198 sit
1134 4144 1231 4201 nescio.

171 4231 190 4296 ³)
210 4230 351 4300 Euripidis
376 4231 475 4286 Alcest.
500 4236 564 4283 1063
588 4233 739 4301 ττροσῆιξιιι
765 4231 801 4286 ad
826 4229 898 4299 quod
923 4230 1113 4299 Heydenreich
1138 4234 1295 4298 provocarit

98 4347 131 4356 -
152 4319 203 4372 niel
228 4317 301 4373 sorte
328 4319 485 4387 corruptela
512 4317 635 4386 laborat,
664 4336 734 4387 quae
759 4330 802 4375 est
825 4318 945 4373 Nauckii
970 4319 1107 4373 sententia
1128 4349 1158 4358 -
1184 4336 1217 4374 ex
1236 4319 1295 4374 imi·

98 4403 204 4459 tatione
223 4402 302 4459 fluxit
320 4405 452 4460 homerici
471 4408 564 4473 ἤικτο,
583 4405 655 4460 idem
675 4407 750 4461 cadit
762 4409 790 4462 iu
809 4410 986 4482 ιτροσῆικιοι·
1007 4413 1157 4480 προσέοικε
1177 4405 1294 4475 Hesych.

97 4491 185 4549 simm.
200 4491 243 4548 el.
263 4491 361 4548 Nauck
386 4492 452 4549 Mol.
470 4507 592 4561 gr.·rom.
612 4493 655 4547 III
679 4499 737 4547 238.
775 4499 854 4561 ἤικτο
878 4504 970 4549 autem
994 4492 1172 4549 distractione
1191 4493 1294 4549 factum
