2940 5026
555 216 768 284 -25-

59 410 203 498 φηβὸλος
228 416 262 474 et
284 408 395 494 cett.¹)
418 408 553 475 metrice
575 409 735 490 producta
756 417 838 473 'esse
869 407 1068 473 contendere
1098 425 1164 472 uon
1195 404 1259 471 iam

57 514 190 596 debuit3
215 513 275 580 sed
297 513 377 580 viris
400 513 504 579 doctis
535 513 676 580 tortasse
706 512 926 578 accedendum
956 517 1026 592 est,
1059 510 1114 592 qui
1144 519 1260 592 poetas

54 621 90 688 'in
113 619 212 686 huius
235 618 323 685 modi
350 618 462 685 somnis
491 619 653 703 fingendis
682 617 812 700 longius
842 635 1034 701 progressos
1063 634 1137 682 esse
1165 616 1259 682 met'

56 723 251 803 necessitati
274 723 458 790 servientes
481 723 676 807 statuumt.²)

147 830 187 895 In
222 827 455 910 comparativis
490 828 755 912 κακοξεινώτερος
794 827 1004 912 ὀιζυρώτερος
1044 827 1261 914 ἀνιηρώτερον

56 937 90 1019 (i
121 933 245 1019 11190)
253 932 280 1017 ³)
311 937 429 1014 poetae
460 932 629 1014 uolgarem
657 950 751 997 usum
782 932 1014 1011 deseruerunt,
1046 930 1261 1012 productione

56 1039 183 1106 vocalis
208 1066 225 1104 σ
248 1037 349 1103 etiam
371 1043 447 1119 post
469 1037 600 1119 longam
624 1036 783 1120 syllabam
807 1036 968 1118 admissa,
998 1035 1260 1117 quandoquidem

56 1145 181 1210 formas
215 1141 386 1225 regulares
424 1160 540 1209 versus
574 1160 638 1207 uon
672 1142 819 1224 tulissem
859 1149 991 1225 praeter
1028 1140 1259 1207 necessitatem

58 1256 168 1314 tamen
193 1248 254 1313 lroc
285 1246 312 1312 si
343 1247 429 1327 quod
459 1252 511 1312 est
540 1246 655 1314 vitium
686 1266 750 1313 nou
781 1249 992 1314 admiserunt.
1038 1246 1122 1312 Nam
1153 1245 1258 1331 λαρώ-

61 1379 154 1434 τερος
176 1371 202 1418 8.
219 1351 407 1436 λαρώτατος
422 1372 487 1419 11011
511 1370 584 1418 esse
600 1372 659 1435 pro
683 1362 904 1439 λαο-ρωτερος
920 1371 1004 1434 quae
1028 1358 1080 1418 est
1095 1351 1261 1417 sententia

62 1459 104 1522 L.
126 1457 249 1540 Meyeri
273 1456 318 1541 (12
342 1457 438 1541 489),
470 1458 528 1522 sed
551 1475 670 1524 revera
698 1478 738 1524 ex
762 1458 903 1539 quinque
925 1459 958 1525 in
982 1464 1138 1540 quattuor
1162 1442 1259 1540 spila-

66 1563 177 1626 barum
214 1560 354 1642 spatium
392 1566 575 1627 coartatum
616 1568 707 1628 recte
749 1563 940 1631 observavit
972 1563 1103 1629 Harder
1141 1560 1197 1646 (de
1240 1591 1259 1626 a

63 1661 168 1729 vocali
200 1663 284 1749 i),⁴)
320 1665 361 1730 de
394 1664 505 1730 radice
540 1673 604 1729 tao
638 1664 784 1732 Curtium
814 1665 960 1747 aliosque
990 1674 1139 1748 secutus,
1175 1666 1260 1747 quod

58 1775 171 1834 tamen
195 1767 390 1834 dissuadent
405 1767 605 1845 τελειότατος
631 1770 750 1835 9247.
776 1770 808 1834 Ω
822 1772 897 1851 315,
923 1769 1125 1848 αἰδοιότατος
1149 1779 1165 1834 λ
1185 1772 1258 1851 360,

60 1872 243 1956 ζωρότερον
267 1877 287 1936 Ι
307 1872 370 1937 203
394 1872 430 1954 (=
455 1874 709 1956 ζι(σ)ιιροιιρσν,·
737 1873 793 1959 ζόη
816 1873 945 1959 Hesi-¹³)
969 1875 1084 1955 uiribus
1108 1874 1258 1954 confisus

132 2069 153 2130 ¹)
174 2061 284 2117 Zacher
303 2060 337 2116 de
355 2062 455 2128 prioris
473 2063 613 2116 nominum
636 2064 849 2129 compositorum
869 2078 959 2133 graec.
977 2065 1066 2131 partis
1085 2064 1259 2119 formatione.

58 2152 131 2207 Dias.
151 2149 217 2205 Hal.
236 2149 249 2203 1
268 2153 319 2203 191
337 2164 395 2220 sqq.

131 2241 154 2308 ¹)
170 2239 282 2307 Herzog
299 2238 525 2309 Bildungsgeseb.
545 2247 596 2297 etc.
617 2245 657 2294 11.
679 2245 736 2292 111.
768 2239 952 2294 Wilamowitz
971 2239 1020 2296 Pb.
1041 2240 1074 2296 U.
1094 2239 1146 2294 VII
1165 2244 1225 2297 3111.

131 2330 155 2397 ⁸)
173 2327 286 2382 Beklrer
303 2326 337 2380 Η.
357 2324 398 2382 Bl.
417 2325 430 2378 l
449 2331 508 2380 280.
531 2357 559 2366 -
580 2326 744 2383 adscribere
763 2326 840 2382 lubet
858 2342 891 2382 ex
905 2326 1045 2382 Eustachii
1064 2327 1098 2381 de
1116 2327 1160 2383 his
1178 2327 1260 2383 rebus

57 2418 248 2489 disputatione
270 2414 418 2471 Stesichori
437 2414 530 2483 (irgm.
551 2417 598 2484 95)
619 2417 872 2488 iaspaopiorarov
892 2415 1014 2487 (ἐνορῶν.

131 2510 155 2571 ⁴)
175 2504 218 2562 Cf.
236 2504 319 2559 etiam
339 2502 451 2558 Curtius
470 2502 566 2556 (ἶιιΙτ,ὅ
582 2506 642 2556 aot.
679 2503 777 2558 Monro
796 2503 867 2559 hom.
887 2518 1001 2572 gramm.
1019 2517 1046 2570 p.
1066 2506 1125 2558 322.

132 2591 153 2661 ⁶)
172 2591 231 2646 Ηοο
258 2598 351 2645 tamen
377 2587 521 2644 dubitandi
548 2589 637 2644 locum
665 2588 802 2659 relinquit.
839 2588 881 2644 De
909 2588 995 2643 irritis
1024 2593 1147 2643 veterum
1175 2590 1259 2657 expli·

58 2681 216 2737 rationibus
235 2693 351 2747 quarum
371 2690 470 2745 agmen
490 2677 566 2731 ducit
584 2692 706 2733 summus
718 2677 883 2734 Aristoteles
901 2677 977 2734 Poet.
992 2683 1024 2732 25
1043 2679 1120 2745 (11111
1136 2693 1153 2732 a
1168 2679 1260 2746 ltsq.)

58 2769 148 2825 fusius
176 2766 267 2821 dicere
294 2772 417 2821 secutum
445 2765 602 2834 exemplum
630 2763 773 2820 Plutarchi
801 2773 905 2835 quaest.
935 2781 1052 2836 sympos.
1073 2773 1102 2835 5,
1129 2774 1145 2819 1
1170 2765 1260 2820 varias

58 2857 169 2912 illorum
194 2852 316 2908 rationes
339 2849 506 2907 recensentis
530 2868 584 2907 non
612 2853 685 2908 tanti
707 2860 756 2910 est.
793 2852 940 2909 Notionem
967 2853 1023 2908 uini
1051 2857 1260 2927 deportareque

57 2941 218 3012 (kraitiger)
243 2939 392 3009 temperati
418 2941 508 2995 versui
545 2940 657 2995 Homeri
685 2939 697 2994 1
722 2945 772 2994 203
800 2941 889 2996 inesse
920 2949 950 2997 ut
978 2949 1081 2997 certum
1110 2942 1146 2997 sit
1176 2947 1259 3010 atque

58 3031 249 3101 exploratum,
277 3029 367 3087 effecit
391 3039 465 3087 recte
489 3031 629 3086 adhibitus
652 3030 687 3084 ab
714 3028 912 3096 interpretibus
936 3028 1071 3084 Herodoti
1098 3028 1173 3083 locus
1192 3042 1259 3082 sane

58 3134 140 3187 quam
170 3119 356 3175 memorabilis
383 3119 422 3172 Vl
447 3123 478 3172 81
504 3119 538 3173 de
562 3117 708 3173 Cleomene
735 3131 800 3184 rege
827 3132 907 3185 quem
932 3118 1062 3191 Enispa
1086 3119 1259 3185 ὀμιλήσιιιιιι

58 3213 169 3273 μαθεῖν
187 3202 237 3269 τὴν
255 3206 466 3277 αἰιροτοιιοσίην
486 3207 552 3274 παρ’
572 3207 665 3260 αὐτῶν
689 3209 770 3274 pater
788 3203 921 3259 historiae
940 3203 1080 3271 perhibet:
1103 3209 1179 3258 ἔκιε
1199 3206 1258 3266 rori,

57 3291 380 3363 peniculamenta
401 3292 551 3361 (Spartani)
575 3296 706 3363 λέγουσι,
726 3291 816 3348 ἐπεὰν
836 3295 990 3368 ζωρότερον
1013 3293 1082 3360 (eine
1106 3288 1259 3359 kritttigere

59 3378 213 3447 mbcbuugl
232 3381 389 3449 auctorne
408 3391 496 3443 πιεῖν,
517 3381 720 3437 Ἐπισκύθισον
738 3385 860 3452 λέγουσι.
898 3379 953 3436 Sed
972 3381 1095 3450 quamvis
1113 3386 1204 3434 certus
1222 3378 1258 3432 sit

58 3485 91 3523 ac
115 3467 216 3536 planus
239 3467 311 3521 vocis
334 3465 505 3531 intellectus,
531 3472 640 3536 etymon
666 3467 787 3523 nondum
810 3475 943 3523 tenemus.
980 3468 1105 3536 Litigant
1128 3467 1200 3520 euim
1224 3464 1258 3519 de

58 3557 141 3612 buius
168 3552 294 3608 vocabuli
318 3554 488 3620 possessione
513 3553 630 3610 duarum
654 3553 776 3610 radicum
802 3560 836 3618 ζω
861 3572 882 3610 s.
907 3560 935 3620 ζη
955 3555 1013 3622 (civ
1037 3553 1137 3613 viveret
1162 3558 1190 3606 et
1215 3557 1257 3615 ζεσ

56 3649 123 3712 (ζεῖν
153 3642 269 3707 seruere)
298 3641 459 3710 prosapiae,
487 3656 604 3710 quamn
635 3650 753 3711 utraque
783 3641 856 3697 iuter
886 3641 989 3697 nobilia
1019 3639 1258 3710 grammaticorum

58 3730 173 3786 nomina
192 3735 324 3796 patronos
341 3727 457 3795 invenit,
481 3733 511 3782 et
528 3729 584 3784 iam
603 3728 677 3798 apud
695 3735 801 3785 veteres
820 3736 919 3784 exorta
936 3726 1028 3784 adhuc
1047 3729 1097 3783 sub
1116 3725 1204 3780 iudice
1223 3725 1257 3779 lis

57 3822 100 3872 est
117 3831 169 3871 nec
187 3815 240 3870 nisi
265 3814 425 3870 tenuissima
450 3831 512 3884 spes
537 3816 617 3871 nobis
641 3815 796 3872 ostenditur
821 3830 880 3871 earn
907 3831 1027 3885 unquam
1051 3821 1128 3869 certa
1151 3814 1257 3868 ratione

57 3904 226 3972 diremptum
239 3903 280 3957 iri
309 3905 441 3956 Feroendi
453 3911 547 3972 partes
565 3909 678 3958 tuentur
691 3903 802 3958 Lobeclr
820 3903 961 3963 Duentzer
973 3904 1011 3968 (v.
1024 3900 1102 3955 Ebol.
1117 3901 1171 3957 lex.
1184 3899 1257 3954 hom.

56 4010 77 4044 s.
95 3993 130 4060 v.)
150 3988 249 4060 quibus
267 3989 346 4059 quasi
363 3989 435 4043 viam
455 4000 624 4046 monstrasse
643 3991 730 4046 rideri
747 3991 854 4058 possint
872 3990 981 4045 Horatii
1001 3989 1156 4044 ‘fervidiore
1175 3989 1257 4044 mero'

56 4079 145 4147 Epod.
169 4083 266 4142 11,11
289 4076 416 4146 ancipitis
441 4083 534 4133 tamen
558 4079 797 4146 interpretationis
819 4079 914 4136 verba.
950 4078 1115 4134 adversario
1135 4077 1258 4134 lautores

56 4168 212 4222 extiterunt
230 4164 395 4222 Doederlein
413 4164 522 4232 glossar
534 4171 603 4221 2450
622 4166 667 4234 qui
686 4173 789 4232 minen,
809 4165 831 4219 si
850 4165 977 4218 ultimam
997 4166 1129 4233 originem
1142 4175 1257 4234 spectes,

56 4270 90 4308 ex
109 4252 208 4307 eodem
228 4251 318 4321 capite
337 4261 365 4306 et
383 4255 431 4319 ζῆν
449 4261 477 4308 et
495 4258 551 4316 ζειν
576 4267 720 4309 emanasse
749 4251 801 4307 sibi
825 4260 922 4307 contra
944 4255 1088 4308 raritatem
1114 4255 1257 4321 persuasit,

56 4350 84 4396 et
103 4339 216 4396 Curtius
236 4338 332 4394 (ὶτᾱο.δ
350 4357 390 4395 nr.
406 4347 453 4396 517
475 4347 509 4406 co
529 4348 557 4397 et
575 4346 620 4405 ζεσ
637 4348 669 4400 ut
688 4338 730 4395 tas
749 4347 791 4396 est
809 4348 882 4395 recte
902 4338 1046 4397 distinctis.
1084 4341 1157 4407 Quies
1177 4339 1257 4405 longe

56 4436 171 4497 superat
189 4435 272 4495 poeta
292 4444 309 4482 a
328 4428 515 4496 grammaticis
533 4428 561 4482 in
580 4429 632 4483 hac
651 4443 681 4485 re
700 4426 774 4497 quod
793 4428 877 4483 sciam
897 4427 932 4497 [v.
953 4444 1025 4482 nunc
1043 4427 1086 4480 W.
1100 4425 1172 4481 ineat
1190 4424 1224 4478 ad
1246 4433 1260 4477 1

57 4516 120 4588 1011]
149 4513 270 4589 nondum
298 4516 447 4572 adrooetus
478 4531 532 4570 non
563 4521 700 4572 vetustate
727 4514 824 4583 modo,
851 4531 945 4573 rerum
974 4515 1145 4585 aliqrrantulo
1174 4514 1256 4568 etiam
