2940 5026
547 243 785 306 -179-

63 431 170 516 glexit
192 431 245 519 vir
274 430 389 496 doctus
412 431 445 496 in
475 431 537 496 hac
560 450 596 497 re
626 431 856 514 gravissimum
879 432 1015 496 Hesiodi
1043 431 1263 497 testimonium

60 534 213 617 quamvis
237 534 371 616 abipso
395 534 574 600 excitatum

538 658 644 716 nume
665 658 694 711 dt
714 660 857 728 τριχιίικες
876 662 1035 720 καλέονται,

310 739 414 799 οὕνεκα
433 745 549 816 apoduein
568 756 654 815 γαῖαν
672 744 740 805 ἑκὰς
760 748 869 819 πάτρης
889 747 1040 801 ἐδάσαντο.

61 849 127 935 Qui
150 866 268 916 versus

390 983 458 1026 -ffi-
478 970 584 1028 πάντες
603 969 634 1022 δὲ
655 968 803 1039 ιρῐχᾶἱκες
822 974 972 1025 καλέονται

62 1075 209 1143 admissa
237 1073 386 1141 Osthoffii
415 1074 566 1156 opinione
594 1082 709 1156 aperte
739 1077 974 1159 corrumpitur:
1005 1096 1081 1143 nam
1112 1077 1264 1158 quoniam

62 1180 228 1265 particula
244 1183 279 1246 δὲ
293 1199 314 1246 a
329 1199 410 1248 voce
432 1181 650 1246 antecedente
666 1181 778 1248 divelli
792 1182 945 1268 uequit,¹)
969 1202 1108 1249 caesura
1130 1202 1265 1265 prorsus

62 1292 158 1353 caret
187 1291 223 1350 et
251 1286 392 1368 pessime
423 1285 611 1351 dimidiatus
641 1292 700 1351 est.
748 1286 869 1369 Quales
899 1305 1016 1355 versus
1047 1287 1174 1353 Ennius
1204 1288 1266 1354 sibi

62 1389 254 1476 indulsit,¹)
289 1391 451 1456 Homerus
479 1396 513 1455 et
542 1389 706 1455 Hesiodus
741 1396 776 1455 et
804 1390 905 1455 ceteri
932 1391 1057 1458 uetusti
1086 1391 1170 1473 epici
1200 1411 1265 1457 non

62 1495 161 1579 itcm;
196 1496 237 1560 de
272 1495 416 1561 Hesiodo
450 1495 606 1561 audiatur
638 1495 783 1560 Paulson
818 1493 910 1560 Stud.
945 1495 1068 1561 hesiod.
1102 1496 1120 1560 Ι
1154 1496 1195 1561 de
1228 1514 1265 1561 re

63 1600 203 1667 metrica
227 1604 284 1667 17;
321 1604 491 1682 ‘nusquam
519 1600 606 1683 apud
642 1599 822 1665 Hesiodum
851 1600 1034 1683 particulae
1064 1602 1124 1684 μέν
1147 1602 1183 1667 δέ
1203 1602 1265 1687 γάρ

62 1704 98 1770 in
122 1704 213 1771 tertii
235 1705 328 1786 pedis
351 1704 418 1770 arsi
441 1702 501 1792 [sic
517 1705 595 1770 dicit
617 1726 714 1787 qnam
738 1725 797 1771 nos
817 1705 926 1771 thesin
951 1704 1140 1794 ‘Senknng']
1170 1725 1265 1788 spon·

64 1809 163 1876 diaoa
192 1811 378 1892 ponuntur.'
424 1810 624 1876 Accedit-
659 1811 765 1893 possis
796 1816 906 1877 tamen
934 1812 996 1876 hoo
1025 1811 1140 1877 vitium
1171 1811 1267 1877 facile

63 1915 183 1981 tollere
206 1921 361 1983 revocato
384 1915 470 1996 quod
493 1916 631 1998 praebet
653 1915 786 1982 testium
801 1935 880 1998 pars
904 1915 965 2002 γάρ
982 1954 1022 1962 -
1039 1915 1125 1997 quod
1148 1915 1266 1997 positio

62 2020 98 2085 in
134 2019 254 2101 pedum
288 2019 379 2086 tertii
409 2021 581 2103 quartique
611 2040 769 2104 compage
800 2021 888 2102 apud
923 2020 1121 2089 vetustiores
1151 2025 1267 2101 poetas

65 2124 235 2191 rarissime
259 2125 410 2192 consonis
442 2126 558 2208 quibus
588 2145 653 2193 vox
680 2125 789 2206 aliqua
812 2125 926 2206 incipit
956 2123 1037 2189 effici
1067 2123 1168 2205 solet;
1204 2124 1267 2190 duo

64 2246 152 2311 quae
175 2229 271 2296 huius
293 2229 342 2296 rei
365 2234 482 2297 extant
503 2230 666 2296 homerica
690 2229 839 2311 exempla
862 2267 903 2275 -

417 2350 450 2404 τὰ
471 2352 593 2424 φράζεαι
610 2344 675 2404 ἇσσ’
695 2352 836 2423 ἐθέλῃσθα
855 2355 885 2403 Λ
902 2354 952 2402 oet

417 2443 445 2500 ἐς
464 2439 566 2495 πεδίον
583 2437 614 2492 τὸ
635 2437 763 2513 Τρωικὸν
781 2442 810 2489 Κ
828 2440 856 2488 ll
879 2464 910 2474 -

66 2564 110 2610 ea
133 2563 170 2610 re
194 2545 430 2626 quodammodo
454 2551 655 2612 excusantur
684 2543 771 2624 quod
799 2541 936 2610 voculae
967 2539 1167 2605 antecedunt
1196 2559 1268 2606 cum

65 2648 316 2730 insequentibus
347 2654 438 2715 arcte
468 2667 628 2730 conexae3
663 2646 752 2728 apud
775 2646 954 2711 Hesiodum
986 2644 1114 2711 omnino
1144 2645 1268 2712 nullum

64 2754 130 2818 hoc
152 2772 257 2836 genus
280 2772 435 2822 versuum
458 2754 641 2836 exemplum
656 2751 797 2821 inveniri
819 2756 964 2817 testatur
978 2751 1123 2816 Paulson
1147 2750 1201 2816 11.
1216 2752 1267 2817 80.

155 2874 245 2960 Quas
269 2876 309 2941 ob
333 2893 451 2941 causas
474 2876 541 2941 uoli
564 2875 714 2941 dubitare
738 2874 815 2954 quin
839 2892 955 2940 versus
975 2873 1132 2939 Hesiodei
1154 2879 1270 2941 auctor

66 2997 254 3046 mensnram
276 3008 400 3063 υι-ι,
432 2981 474 3046 de
504 3000 569 3061 qua
592 2988 669 3047 ante
698 2979 889 3046 Osthoffium
921 2999 1016 3045 nemo
1048 2979 1269 3046 dubitationes

65 3084 210 3152 movisse
226 3085 366 3169 videtur,
384 3086 578 3152 adhibuerit.
610 3087 662 3151 Ab
677 3087 739 3152 hac
754 3102 907 3149 mensura
922 3083 1056 3149 indeab
1073 3083 1269 3164 antiquitate

67 3187 183 3270 agnita
206 3194 244 3255 ut
266 3190 459 3275 discederet,
484 3190 676 3258 Osthoffium
698 3190 825 3272 impulit
850 3220 870 3255 a
894 3191 1088 3273 productum
1111 3192 1145 3257 in
1164 3192 1271 3258 Fickii

68 3289 236 3377 τρῑχᾶῖκες
259 3313 321 3376 quo
346 3314 406 3377 ego
430 3314 559 3377 quoque
581 3314 705 3362 summo
730 3314 828 3377 opere
853 3295 1007 3361 offendor.
1016 3296 1042 3382 3)
1092 3296 1270 3362 Videamus

66 3401 171 3478 agitur
194 3395 273 3478 quid
295 3398 429 3463 tandem
451 3398 500 3463 rei
526 3398 579 3464 sit.
625 3398 750 3465 Versus
781 3428 797 3466 τ
824 3402 992 3466 175-177
1025 3400 1270 3482 interpolatoris

67 3518 143 3566 esse
166 3506 320 3587 possunt;
345 3503 467 3586 optime
490 3503 576 3570 enim
595 3503 686 3588 inter
708 3523 744 3570 se
765 3506 1269 3571 coeunt1172.173.1t4.178

68 3745 191 3800 πολλάκι
212 3755 273 3799 σεῖο
297 3744 347 3815 (sic
371 3744 456 3814 trad.;
485 3746 544 3801 iure
569 3753 724 3802 revocatum
744 3747 798 3802 σεῖ’
814 3745 847 3813 ὦ)
871 3758 944 3817 μαῖα
969 3746 1141 3818 ᾳπιλοξείνοιο
1166 3747 1270 3813 καλιᾶς.

67 3831 207 3901 Cogitavit
226 3830 387 3886 Scheindler
405 3831 438 3887 de
458 3831 479 3888 ὦ
499 3834 569 3909 γρηῦ
590 3834 745 3903 inserend03
770 3833 819 3889 sed
843 3835 902 3903 ipse
926 3835 998 3889 hanc
1016 3833 1202 3888 coniecturam
1222 3834 1270 3888 im·

68 3918 168 3973 merito
186 3912 289 3972 r’eiecit

141 4006 161 4073 ¹)
181 4003 329 4061 Hoffmann
348 4004 461 4074 Quaest.
480 4007 553 4063 hom.
572 4009 585 4063 1
604 4016 628 4063 o.

140 4092 162 4162 a)
182 4093 294 4147 Bekker
312 4092 392 4147 Hom.
410 4093 452 4149 Bl.
471 4094 485 4147 1
506 4099 562 4149 141.

141 4183 164 4250 ⁸)
182 4181 253 4236 Mihi
276 4189 292 4234 ῑ
321 4197 430 4251 quoque
457 4180 583 4250 displicet
599 4237 600 4243 ,
614 4182 686 4252 quod
714 4183 867 4238 recentiore
897 4197 1025 4237 mensura
1054 4184 1177 4256 Θρήϊκες
1206 4199 1271 4239 cave

67 4269 183 4328 tuearis.
219 4269 251 4324 In
279 4269 332 4324 hoc
357 4271 428 4325 enim
456 4268 619 4325 uocabulum
645 4295 655 4324 ι
684 4271 794 4338 longum
823 4269 897 4339 quod
924 4269 959 4324 ab
990 4270 1108 4326 Homero
1140 4271 1273 4327 abhorret

68 4358 182 4426 irrepsit
199 4355 343 4426 postmodo
362 4373 396 4412 ex
418 4357 548 4427 analogia
573 4358 712 4413 nominum
737 4365 876 4419 ψοίνῑκες
899 4364 1023 4420 Aiffiaac
1043 4366 1066 4413 Β
1088 4365 1137 4413 tlt
1163 4360 1238 4414 cuius
1254 4368 1269 4374 “

69 4448 121 4503 aoli
140 4454 229 4502 metro
247 4446 343 4501 deteri
368 4448 505 4501 immerito
530 4445 673 4501 contendit
697 4447 792 4515 Unger
816 4447 916 4501 Philol.
942 4447 1081 4516 Supplem.
1108 4448 1133 4500 ll
1161 4453 1218 4500 693.
1242 4477 1270 4485 -

70 4536 114 4591 Da
133 4535 315 4604 productione
334 4537 361 4591 iu
381 4538 503 4612 ΘρηἺκες
522 4535 602 4590 obvia
619 4535 689 4590 alios
707 4536 790 4591 aliter
808 4539 938 4592 statuisse
956 4551 1012 4590 non
1031 4537 1136 4604 ignoro.

1067 4625 1131 4690 12*
