2940 5026
668 195 860 260 ...8-

168 390 259 451 tatur
288 388 438 469 exempla
470 386 504 451 in
529 405 626 452 unum
658 386 853 470 colligerem.
901 387 1003 452 Immo
1027 387 1055 452 si
1078 393 1168 453 recte
1191 406 1270 453 usus
1293 405 1362 452 sum

168 487 215 555 eis
238 508 323 570 quae
345 489 495 573 congessi
517 506 622 570 neque
644 507 699 554 res
721 489 883 571 gravioris
911 490 1066 555 momenti
1090 490 1253 555 oculorum
1276 507 1363 554 men·

167 592 274 673 tisque
297 592 400 658 aciem
429 590 632 671 fefellerunt,
663 590 697 655 in
726 591 809 655 haec
830 590 900 656 fere
923 610 1047 674 genera
1074 592 1225 684 licentiae
1253 609 1364 673 prosc·

65 747 70 754 .
168 694 282 762 nacae
305 696 455 777 exempla
478 694 692 761 describenda
715 713 788 759 esse
811 696 1002 775 apparebit..

212 798 251 864 Α.
276 799 348 870 Ictu
372 799 507 881 produci
530 804 641 880 potest

92 894 95 901 ’
314 905 339 968 Ι.
365 922 430 969 una
464 922 504 968 ex
539 903 643 969 tribus
674 903 863 984 pluribusve
905 904 1059 970 brevibus
1096 923 1181 984 qnae
1224 902 1294 970 sive
1332 904 1365 969 in

365 1007 479 1073 eodem
503 1008 661 1073 vocabulo
693 1007 763 1073 sive
793 1007 826 1072 in
857 1008 983 1074 duobus
1011 1027 1108 1074 unum
1132 1009 1230 1089 quasi·
1248 1027 1367 1090 corpus

365 1110 577 1178 efficientibus
600 1112 758 1177 connnuo-
776 1131 849 1178 sese
873 1113 1040 1194 excipiunt
1067 1113 1217 1196 syllabis,
1247 1113 1366 1193 quain

366 1215 615 1297 renconspirant
637 1233 708 1281 cum
733 1215 875 1281 Homero
899 1216 1027 1282 Aeoles.

299 1322 344 1387 II.
367 1322 400 1387 in
424 1321 592 1389 vocabulis
620 1321 842 1403 antispasticis
873 1323 1001 1405 syllaba
1032 1343 1115 1404 quae
1144 1321 1251 1406 longis
1275 1325 1365 1386 ante·

277 1435 281 1444 '
367 1424 461 1490 cedit.
1288 1430 1292 1434 ’

213 1532 250 1595 Β.
275 1531 315 1596 In
337 1529 422 1595 thesi
445 1548 505 1610 pro
528 1529 634 1611 longis
658 1547 730 1594 esse
753 1537 892 1611 possunt
914 1530 1112 1595 necessitate
1135 1537 1273 1609 cogente

314 1631 340 1697 Ι.
365 1632 501 1712 quaevis
523 1631 647 1699 vocalis
669 1632 780 1699 brevis
802 1632 1058 1715 duabuslongis
1074 1632 1209 1716 syllabis
1233 1632 1366 1699 circum-

367 1736 471 1822 clusa,
492 1737 519 1801 si
541 1737 646 1803 locum
669 1737 870 1802 hebetante
886 1759 918 1820 y,
944 1744 978 1802 et

301 1840 345 1906 ΙΙ.
370 1839 501 1905 vocales
525 1868 552 1919 ι,
579 1870 596 1904 v
627 1845 705 1905 ante
732 1841 863 1906 vocales
892 1842 941 1907 ita
970 1842 1113 1922 positae,
1146 1848 1183 1907 ut
1206 1841 1368 1923 utrimque

366 1945 466 2028 longa
477 1943 605 2028 syllaba
620 1944 795 2027 cingantur
807 1946 900 2012 velut
913 1945 947 2012 in
962 1947 1164 2035 προθυμιζησι
1179 1952 1214 2022 (υ
1223 1970 1339 2002 ,ιω
1348 1953 1367 2020 ).

221 2052 255 2116 C.
280 2050 404 2117 Versus
427 2048 538 2132 opicus
561 2049 707 2116 admittit
727 2052 860 2117 brevem

315 2153 342 2221 Ι.
365 2151 398 2219 in
422 2151 527 2235 prima
551 2152 626 2217 arsi.

297 2256 341 2323 Π.
365 2256 399 2322 in
429 2255 535 2339 prima
563 2255 666 2336 mesi,
705 2256 733 2319 si
755 2256 793 2320 fit
825 2256 858 2322 in
892 2258 988 2340 primi
1019 2258 1218 2340 alteriusque
1249 2259 1367 2341 pedum

365 2379 523 2444 compage
546 2360 713 2427 diaeresis.

280 2465 343 2532 ΠΙ.
366 2464 400 2530 in
423 2462 538 2529 ultima
561 2463 636 2528 arsi.

257 2567 437 2648 Licentiae,
461 2564 654 2648 praesertim
678 2567 739 2632 sub
762 2568 786 2632 C
807 2575 1029 2650 enumeratae,
1054 2588 1139 2650 qnae
1153 2589 1195 2636 ne
1219 2570 1261 2636 ab
1284 2573 1368 2637 Aeo-

169 2675 236 2740 lum
273 2670 403 2754 quidem
441 2670 677 2736 consuetudine
715 2671 843 2737 alienae
885 2677 977 2754 sunt,
1020 2672 1084 2738 iam
1122 2679 1200 2740 ante
1235 2674 1369 2741 Homeri

170 2784 314 2844 aetatem
337 2774 437 2842 vitari
459 2779 494 2838 et
516 2775 557 2839 ab
581 2792 641 2840 usn
664 2780 834 2856 poetarum
854 2776 1024 2858 paullatim
1047 2779 1209 2846 removeri
1232 2786 1369 2862 coeptae

170 2887 263 2963 sunt,
295 2879 388 2946 utin
410 2878 606 2945 carminibus
630 2898 715 2961 quae
737 2899 811 2946 nos
834 2887 982 2948 muamus
1008 2882 1078 2949 iere
1101 2883 1181 2950 nibil
1203 2884 1267 2950 nisi
1288 2885 1368 2952 resi·

170 2984 237 3051 dna
259 3002 337 3050 naus
361 2982 436 3048 clim
458 2982 560 3048 multo
582 2982 683 3048 latins
705 2984 851 3065 patentis
874 2984 1017 3067 vestigia
1046 2985 1121 3051 hinc
1151 3005 1253 3068 parca
1281 2988 1370 3055 illinc

169 3086 372 3170 aliquantulo
395 3085 620 3168 frequentiore
642 3088 863 3154 observemus.

257 3192 347 3276 Quos
362 3191 458 3256 metri
481 3208 582 3257 causa
597 3208 734 3271 peccare
757 3196 873 3258 contra
893 3192 1052 3259 sermonis
1075 3193 1167 3276 leges
1184 3214 1246 3262 usu
1270 3203 1369 3279 atque

170 3293 404 3364 consuetudine
427 3293 590 3360 stabilitas
613 3294 748 3378 syllabis
778 3297 933 3363 brevibus
963 3297 1124 3379 porrectis
1159 3299 1249 3365 haud
1275 3299 1369 3368 nefas

168 3401 323 3469 habuisse
360 3398 570 3483 cognoveris,
610 3417 665 3465 eos
700 3401 889 3482 expectabis
923 3420 965 3467 ne
999 3402 1205 3484 correptione
1239 3404 1370 3485 quidem

168 3507 357 3590 longarum,
396 3503 498 3570 sicubi
534 3520 651 3568 versus
685 3504 887 3569 commodum
920 3503 968 3569 ita
1006 3503 1126 3586 fe'rret,
1172 3506 1370 3573 abstinuisse

169 3611 368 3676 Procmstae
390 3605 477 3673 illins
500 3605 638 3687 similes,
670 3606 724 3687 qni
748 3612 783 3672 et
804 3607 972 3673 breviores
1003 3613 1038 3673 et
1063 3609 1228 3693 longiores
1257 3609 1368 3676 lectuli

169 3733 343 3783 mensurae
373 3714 564 3797 adaptabat.
611 3712 658 3777 At
680 3711 865 3794 expectatio
889 3710 1031 3794 lallitur;
1062 3733 1139 3779 nam
1162 3733 1203 3780 ex
1226 3713 1369 3781 Homero

170 3826 205 3887 et
233 3819 378 3887 Hesiodo
409 3837 493 3900 quae
528 3837 600 3884 cum
632 3816 742 3898 eliqua
777 3813 1016 3896 probabilitatis
1048 3816 1156 3898 specie
1190 3818 1253 3884 huc
1283 3819 1370 3886 nabi

169 3942 267 4007 posse
289 3922 496 4003 videbantur,
521 3921 694 3988 eutalium
718 3920 779 3986 sibi
794 3925 934 4001 poscunt
957 3920 1155 4001 explicatum
1170 3927 1230 3986 ant
1252 3922 1369 3990 dubiae

170 4113 236 4170 bula
263 4114 304 4168 its
330 4113 480 4181 composita
498 4119 530 4166 ut
558 4113 586 4166 in
615 4111 684 4166 duas
711 4125 788 4166 voces
816 4107 906 4164 dirimi
939 4117 1077 4177 nequeant
1107 4125 1162 4164 non
1190 4110 1314 4168 dubitavi
1341 4113 1369 4168 in

170 4200 294 4257 ordinem
308 4199 494 4269 exemplorum
505 4217 626 4256 meorum
641 4200 761 4267 recipere
773 4198 849 4254 velut
861 4201 1010 4267 a'veqelcc,
1023 4213 1085 4252 cum
1098 4200 1260 4265 αἰιόλείψας
1281 4201 1367 4255 simtu.

170 4304 285 4358 quorum
304 4296 421 4356 utraque
447 4288 570 4342 mambra
595 4287 675 4357 quasi
699 4287 740 4341 sui
768 4285 834 4340 iuris
863 4289 928 4339 aunt
954 4284 1130 4352 scposuerim.
1167 4286 1237 4340 Nam
1263 4287 1290 4341 in
1315 4287 1369 4341 illis

170 4375 262 4430 velere
280 4374 356 4444 leges
374 4375 485 4431 easdem
504 4374 632 4444 usquein
653 4372 821 4442 syllabarum
842 4389 895 4427 non
914 4371 1036 4425 finalium
1059 4372 1238 4439 productione
1256 4390 1368 4442 persua·

170 4479 228 4518 sum
248 4462 346 4519 habac.
372 4480 380 4532 ,¹
