2956 5040
542 196 780 261 -193-

56 386 228 469 ingressus
245 385 471 452 addicentibus
494 385 613 452 multis.
624 386 649 471 ¹)
685 386 738 452 Ex
753 404 889 466 qnorum
912 385 1078 452 sententia
1093 392 1145 453 est
1169 387 1260 456 ov’to'-

54 517 153 573 μενος
177 490 400 573 praesentis
423 488 630 571 participium
659 490 792 558 notione
822 492 1008 574 praeditum
1037 493 1261 562 transitiva

55 594 93 680 (=
125 595 338 677 ‘perniciosus
373 593 558 679 ὀλέθριος’).
604 593 664 660 Cui
686 595 807 662 rationi
837 596 914 677 quid
945 598 1054 663 obstet
1084 602 1260 679 antequam

55 698 346 782 considerabimus,
370 699 461 766 lubet
475 698 588 766 ridere
612 697 689 779 qrrid
704 700 838 766 tandem
860 696 980 767 lucrati
994 700 1061 768 sint
1083 701 1147 770 viri
1163 703 1259 770 docti.

35 895 44 901 ,
149 847 169 887 ο
192 823 256 887 272
280 840 327 903 sq.
352 821 500 903 queritur
521 820 688 904 Penelope
712 823 753 888 de
776 828 865 889 sorte
889 843 950 891 sna
971 825 1167 892 miserrima:

261 943 310 1002 νὺξ
329 941 355 995 δ’
376 945 454 997 ἔσται
475 937 520 998 ὅτε
541 941 572 1008 δι)
593 941 728 1014 στυγερὸς
747 945 843 1014 γάμος
864 947 1041 1016 α’ντιβολησει

263 1032 419 1098 οὐλομένης
438 1033 555 1098 ἐμέθεν,
574 1030 622 1096 τῆς
642 1049 670 1084 τε
689 1029 762 1090 Ζεὺς
782 1032 867 1100 ὄλβον
886 1034 1011 1106 ᾰηηύρα.

57 1137 147 1205 Huic
160 1137 231 1202 loco
253 1135 434 1219 implicabit
448 1153 521 1201 sese
543 1133 670 1218 ingenti
688 1153 799 1201 errore
823 1135 968 1217 quisquis
983 1137 1150 1208 notionem
1171 1140 1259 1207 illam

57 1241 270 1311 transitivam
294 1240 516 1324 ‘perniciosae'
545 1245 657 1322 aptam
688 1258 769 1306 csse.
793 1242 977 1323 sumpserit.
1024 1242 1111 1311 Sane
1145 1245 1261 1328 regina

59 1351 174 1415 ‘eausa
203 1344 372 1412 malorum’
397 1344 460 1411 dici
489 1348 608 1427 potest,
644 1343 760 1425 quibus
791 1364 812 1410 a
842 1365 1014 1426 procorum
1045 1350 1198 1431 superbia
1228 1356 1262 1416 et

57 1452 195 1520 licentia
224 1451 338 1517 domus
360 1449 466 1516 Ulixis
497 1448 643 1515 absentis
667 1449 774 1516 obruit
816 1502 823 1515 .
870 1452 916 1517 At
946 1453 1042 1520 huius
1073 1455 1160 1521 modi
1190 1474 1262 1522 sen-

57 1557 168 1625 tentia
206 1574 312 1637 neque
353 1555 435 1621 satis
474 1554 627 1623 universo
668 1553 825 1621 orationis
864 1573 929 1637 qua
966 1556 1133 1641 Penelope
1170 1576 1263 1625 suam

57 1663 164 1746 ipsius
194 1680 260 1728 non
291 1660 427 1727 aliorum
458 1659 621 1726 miseriam
652 1661 803 1742 deplorat
829 1661 937 1727 tenori
965 1663 1120 1731 convenit
1141 1667 1176 1729 et
1198 1682 1263 1729 uno

59 1768 88 1835 si
112 1765 272 1836 vocabulo
296 1762 430 1831 effertur
452 1768 487 1829 at
508 1783 550 1830 ne
580 1764 641 1830 hoc
664 1764 794 1846 quidem
817 1766 951 1833 additur
980 1769 1109 1836 cuinam
1134 1807 1174 1816 -
1197 1768 1263 1835 filio

59 1872 198 1953 eiusque
232 1869 431 1953 possessioni
461 1907 502 1915 -
532 1869 698 1951 Penelope
735 1870 891 1959 οὐλομένη
921 1873 942 1938 i.
967 1893 995 1939 e.
1023 1875 1180 1955 perniciei
1210 1875 1262 1958 sit,

59 1975 158 2043 nimis
174 1976 313 2040 obscura
328 1979 380 2039 est
395 1977 430 2038 et
445 1992 484 2038 ea
500 1991 585 2054 quae
600 1977 786 2043 necessario
803 1978 967 2060 quandam
991 1976 1149 2062 efflagitet
1163 1980 1263 2047 inter-

59 2081 294 2165 pretationem:
318 2098 416 2161 quam
438 2086 549 2146 tamen
571 2082 725 2148 hocloco
749 2103 884 2166 prorsus
908 2084 1141 2163 desideramus.
1180 2085 1264 2151 Nam
1335 2092 1339 2101 '

61 2187 119 2268 qui
142 2193 298 2252 secuntur
319 2187 395 2254 inde
419 2206 439 2252 a
462 2189 526 2253 274
557 2205 674 2254 versus
696 2207 761 2253 non
793 2207 865 2254 esse
887 2188 1138 2270 interpretantis
1169 2207 1263 2271 prae·

61 2308 180 2375 gressa
202 2291 306 2359 verba
321 2291 417 2356 docet
432 2289 594 2372 particula
611 2288 735 2377 octab
774 2291 845 2375 Quo
861 2292 966 2375 magis
982 2299 1145 2374 appareat
1168 2313 1264 2374 quam

60 2399 202 2463 obseura
225 2396 333 2462 omnia
362 2396 444 2462 fiant
467 2422 487 2460 ο
510 2396 574 2462 273
605 2395 749 2461 admissa
772 2395 876 2463 Curtii
904 2396 1139 2479 explicatione,
1171 2397 1264 2482 legas

60 2506 140 2585 post
165 2501 354 2583 Penelopae
385 2500 565 2567 orationem
595 2499 732 2582 Vergilii
761 2500 868 2566 locum
898 2501 953 2566 ubi
982 2502 1148 2569 sententia
1177 2502 1265 2570 illius

60 2606 177 2674 similis
211 2605 404 2688 exprimitur
440 2624 538 2686 quarn
572 2603 704 2669 Curtius
740 2603 912 2686 participio
949 2603 1123 2692 οὐλομένης
1156 2606 1265 2673 inesse

60 2711 259 2794 suspicatur,
284 2710 344 2776 scd
365 2710 413 2776 ita
429 2709 631 2792 exprimitur,
655 2713 692 2772 nt
714 2706 809 2786 quasi
830 2713 900 2772 toto
916 2708 1116 2775 narrationis
1139 2728 1265 2778 conexu

61 2820 264 2899 praeparata
287 2815 331 2882 sit
353 2822 386 2882 et
417 2813 566 2897 quamvis
594 2811 798 2896 paucissimis
828 2812 938 2878 verbis
959 2815 1265 2905 comprehendatur

60 2928 174 2988 tamen
205 2922 246 2985 ab
274 2920 361 2986 ornni
391 2918 595 2986 dubitatione
625 2934 747 2985 vacua:
779 2916 861 2981 Aen.
885 2917 936 2983 XI
964 2918 1103 3000 imprim.
1116 2923 1192 2986 -479
1215 2939 1263 3002 sq.

61 3023 216 3093 ‘Lavinia
253 3023 346 3106 virgo
385 3041 486 3088 cansa
523 3021 600 3087 mali
633 3019 739 3087 tanti'.
793 3020 932 3086 Accedit
968 3023 1054 3103 quod
1094 3020 1265 3106 οὐλόμενος

61 3127 174 3217 sicubi·
196 3126 314 3192 dicitur
343 3127 384 3192 de
415 3126 485 3192 dcis
514 3125 778 3208 hominibusque,
810 3124 930 3190 dicitur
959 3144 1031 3191 cum
1055 3127 1265 3194 acerbissima

61 3232 307 3314 vituperatione
330 3252 414 3316 quae
437 3238 595 3314 quantum
618 3252 639 3298 a
662 3259 682 3298 ο
702 3233 766 3297 273
790 3231 968 3296 abhorreat
989 3230 1096 3312 quivis
1119 3232 1264 3319 sentitl)

137 3476 155 3545 ¹)
174 3475 270 3530 Fiekio
288 3475 343 3529 BB.
364 3473 377 3526 l
396 3481 437 3528 58.
468 3462 589 3530 Rzachio
608 3474 680 3529 Dial.
700 3472 749 3527 des
768 3471 878 3526 Hesiod.
892 3477 951 3525 tto.
984 3472 1015 3527 G.
1028 3473 1142 3543 Meyero
1157 3477 1168 3510 ¹
1185 3471 1264 3541 §502

61 3582 89 3633 p,
109 3569 170 3619 tta.
205 3563 236 3617 L.
255 3561 368 3632 Meyero
386 3561 412 3615 1²
433 3566 490 3631 lot.
528 3559 568 3618 Cf.
587 3560 671 3615 etiam
690 3557 759 3611 Fick
778 3556 862 3610 GGA.
885 3562 960 3624 1881,
978 3563 1037 3611 442.

135 3667 157 3734 ¹)
176 3669 376 3735 Argrrmentnm
394 3681 448 3733 quo
467 3671 530 3720 utor
553 3663 694 3718 illustrare
719 3663 823 3730 poterit
846 3661 1053 3730 epigrammatis
1075 3663 1131 3717 ΑΡ.
1150 3663 1190 3716 lX
1216 3670 1264 3718 lto

62 3760 163 3809 auctor
181 3755 227 3822 qui
245 3769 306 3807 cunr
326 3752 461 3807 Helenam
478 3760 507 3806 et
525 3751 693 3820 Penelopam
713 3756 881 3821 apportpar
901 3752 1023 3824 ὄλεθρον
1048 3752 1075 3817 (a
1092 3751 1169 3805 cuins
1187 3766 1265 3807 roca·

63 3842 123 3897 buli
142 3842 255 3895 notione
274 3840 343 3895 nibil
362 3839 533 3907 discreparet
552 3841 702 3909 οὐλομένη,
721 3837 745 3891 si
762 3837 944 3904 probaremus
964 3837 1052 3892 Curtii
1070 3837 1264 3906 coniecturam)

63 3928 175 3998 dixerit,
193 3929 312 3984 disticho
330 3929 499 3996 insequente,
511 3924 591 3982 addit
608 3926 878 3992 interpretationem:

256 4033 365 4088 Πᾶσαν
377 4027 501 4104 Ὅμηρος
523 4031 610 4091 ἔδειξε
632 4030 721 4097 κακην
739 4031 883 4106 σφαλερην
901 4049 930 4086 τε
952 4042 1084 4102 γυναῖκα,

291 4120 427 4192 σώφρονα
446 4125 493 4171 καὶ
512 4118 632 4191 πόρνην,
652 4118 819 4190 ἀμφοτέρας
839 4118 969 4189 ὄλεθρον.

259 4208 289 4259 ἐκ
307 4205 365 4281 γὰρ
384 4205 431 4272 της
451 4206 560 4270 Ἑλένης
578 4208 806 4273 μοιχευσαμένης
824 4203 915 4272 φόνος
934 4202 1049 4278 &adoaia

294 4300 341 4347 καὶ
362 4292 409 4346 διὰ
429 4294 617 4366 σωφροσύνην
635 4291 805 4357 Πηνελόπης
825 4291 958 4346 θάνατοι.

138 4402 159 4464 ¹)
179 4399 351 4468 Quamquam
376 4399 449 4453 hane
471 4397 650 4452 obiectionern
675 4395 781 4452 diluere
799 4397 887 4464 possis
905 4396 1013 4451 collatis
1037 4413 1107 4466 quac
1126 4397 1266 4454 adnotabo

63 4503 91 4556 p.
111 4491 172 4554 200,
191 4492 216 4540 2.

118 4586 254 4635 schulze,
268 4585 419 4636 Quaestione·
433 4572 517 4633 epicae-
1056 4578 1096 4640 13
