2940 5026
676 196 889 260 -70-

184 387 297 453 nativo
332 385 519 452 accusativo
554 385 722 465 quantitas
753 387 795 450 ad
826 388 988 470 obliquos,
1021 408 1061 453 ex
1093 388 1230 470 obliquis
1261 389 1387 456 vocalis

186 490 327 571 qualitas
350 491 393 556 ad
416 488 651 556 nominativum
674 490 897 559 accusativum
920 491 1165 558 transferretm.
1173 492 1199 576 ¹)
1245 493 1387 558 Formas

186 602 266 674 λᾶας
289 596 366 674 λᾱός
389 593 493 680 (gen.)
518 613 651 675 prorsus
675 595 790 661 eadem
813 596 921 663 vocali
942 597 1172 678 pronuntiatas
1194 596 1299 662 fuisse
1322 615 1387 677 qua

186 701 262 778 λᾶός
285 700 321 786 (=
343 700 407 766 ion.
432 699 516 785 ληός,
547 699 611 764 ion.
635 704 695 765 att.
720 701 808 785 λεώς)
831 720 896 768 non
919 703 1014 768 modo
1044 700 1209 768 Pindarus
1242 705 1387 768 testatur

106 843 111 849 ι
187 806 380 872 olma

407 892 586 945 κτισσάσθαν
603 895 717 946 λίθινον
736 894 837 962 γόνον,·
856 896 919 947 λαοὶ
939 893 965 946 δ’
986 896 1162 964 ὀνύμασθεν,

186 1000 299 1050 verum
323 980 421 1046 etiam
443 979 641 1046 narrationis
665 980 705 1045 de
727 981 833 1046 Nioba
856 987 971 1047 auctor
994 983 1025 1047 Ω
1049 985 1111 1048 611

518 1084 602 1144 λαοὺς
622 1085 651 1139 di
672 1088 769 1145 λίθους
789 1092 890 1150 ποίησε
909 1092 1050 1155 Κρονίων.

186 1174 270 1239 Nam
296 1173 411 1237 ludere
441 1178 613 1253 utrumque
642 1171 676 1236 in
706 1170 887 1236 nominibus
918 1171 1063 1238 eiusdem
1095 1173 1165 1240 fere
1194 1172 1323 1240 formae
1353 1181 1387 1239 at

186 1279 289 1344 isdem
313 1276 445 1364 diversa
468 1276 725 1358 significantibus
749 1279 899 1356 apertum
923 1282 974 1341 est
997 1275 1055 1361 (Μ.
1079 1276 1197 1361 Mayer
1220 1277 1386 1362 Giganteo

187 1382 254 1448 und
277 1381 419 1447 litamen
442 1381 508 1466 89).
1069 1453 1072 1463 Ι

274 1486 340 1551 Pro
371 1487 492 1550 λελόυσι
524 1489 552 1549 Ε
580 1486 653 1550 782.
688 1491 727 1550 H
753 1486 826 1550 256.
863 1486 1004 1551 λλειόυσι
1036 1490 1063 1552 O
1093 1487 1156 1551 592
1192 1486 1318 1571 (Τρῶες
1353 1490 1385 1552 δὲ

187 1593 327 1657 λλειόυσι
362 1590 444 1676 κτλ.)
477 1627 516 1636 -
548 1607 677 1670 semper
706 1590 740 1654 in
774 1589 1019 1671 comparatione
1052 1591 1172 1655 λειόυσι
1206 1592 1385 1675 ,rasataim

186 1695 465 1782 ὠμοφάγοισιν-
481 1695 597 1760 Nauck
621 1698 744 1759 λιέσσιν
766 1694 987 1760 reducendum
1003 1711 1077 1759 esse
1100 1693 1241 1778 censuit;
1264 1695 1301 1762 in
1323 1714 1385 1776 qua

187 1800 373 1868 coniectura
396 1798 503 1864 Sittlio
527 1800 666 1880 probata
690 1797 725 1883 (l.
749 1799 770 1864 l.
797 1800 852 1884 19)
880 1799 921 1863 de
944 1798 1130 1879 quantitate
1152 1798 1273 1865 iniuria
1296 1799 1384 1866 duhi·

185 1911 277 1971 tasse
299 1902 447 1969 Fickium
478 1902 531 1988 (Il.
556 1905 597 1969 83
628 1904 672 1968 ad
698 1908 725 1970 0
753 1903 832 1988 592)
864 1903 960 1968 docet
984 1901 1174 1969 Callimachi
1202 1901 1299 1986 frgm.
1323 1905 1385 1970 329

188 2011 237 2077 ed.
270 2010 307 2076 Ο.
340 2007 518 2075 Schneider
551 2006 616 2073 iam
650 2029 670 2074 a
703 2007 849 2073 Nauclrio
883 2007 1030 2074 allatum.
1040 2006 1068 2094 ²)
1124 2007 1237 2073 Possis
1275 2013 1386 2076 tamen

186 2115 328 2181 fortasse
359 2115 481 2179 λειόυσι
504 2111 538 2196 (i.
563 2132 591 2177 e.
616 2111 766 2199 la'ooost)
790 2112 886 2178 solito
909 2131 999 2178 moro
1026 2111 1242 2194 arhapsodis
1269 2113 1384 2196 depra-

187 2219 315 2304 vatum)
331 2218 425 2300 tueri,
450 2217 599 2298 quamvis
616 2235 656 2283 ea
670 2216 755 2282 ratio
772 2215 885 2297 quain
901 2215 1071 2297 proecdosi
1086 2233 1166 2282 usus
1181 2234 1253 2281 sum
1268 2235 1385 2284 nomeu

186 2322 289 2388 leonis
320 2327 454 2388 auctore
484 2321 522 2385 L.
553 2319 726 2406 Meyero⁴)
757 2339 778 2385 a
808 2320 920 2386 radice
950 2319 1092 2401 quadam
1122 2319 1158 2383 la
1189 2320 1385 2388 ‘schneiden'

187 2434 341 2510 repetens
364 2446 450 2492 nuno
473 2426 653 2508 displiceat.
689 2425 742 2494 Sic
762 2426 847 2491 enim
869 2425 1059 2492 femininum
1083 2421 1136 2504 λΐς
1158 2422 1244 2506 (λλΐς
1259 2433 1297 2492 A
1314 2428 1384 2493 239.

186 2531 265 2617 480)
297 2529 444 2613 expediri
466 2528 587 2610 nequit.
634 2528 732 2595 Initio
765 2528 997 2596 vocabulorum
1025 2546 1201 2595 consonam
1232 2529 1385 2596 amissam

186 2641 330 2720 arguunt
370 2634 530 2702 vocalium
572 2633 835 2700 antecedentium
869 2633 1100 2715 productiones
1135 2639 1170 2700 et
1202 2633 1386 2717 scripturae

187 2741 265 2807 λ’ἑων
280 2737 454 2822 Λὲοντίς5)
478 2757 559 2819 quas
576 2737 673 2804 aliter
697 2738 861 2820 explicare
884 2757 949 2804 nou
972 2739 1067 2804 valeo
1085 2757 1182 2819 quam
1206 2744 1244 2805 ut
1267 2748 1305 2805 λλ
1321 2768 1352 2796 >
1370 2751 1386 2805 λ

90 2869 92 2873 ·
186 2854 290 2912 exul
314 2848 421 2910 ortum
437 2861 510 2909 esse
533 2861 668 2908 sumam.
704 2842 829 2929 ’σλὴων
852 2841 972 2909 ’σλέων
994 2841 1087 2920 *alig
1110 2843 1242 2910 nomina
1264 2834 1386 2912 actoris

186 2948 341 3015 videntur
363 2965 453 3029 esse,
486 2947 625 3011 alterum
648 2950 725 3011 noto
755 2944 868 3012 suffixo
894 2973 963 3012 -ον-
971 2946 998 3033 6)
1021 2946 1213 3029 formatum,
1246 2948 1386 3016 alterum

187 3053 301 3121 suffixo
325 3052 453 3118 omnino
484 3069 610 3117 carens.
657 3050 749 3135 Quae
780 3052 903 3118 vocalis
926 3053 1013 3119 inter
1038 3082 1056 3138 η
1081 3080 1096 3117 ο
1125 3051 1155 3137 (ε
1179 3053 1210 3138 ο)
1241 3053 1385 3135 perierit

186 3157 329 3226 dubitari
351 3176 416 3224 non
440 3156 517 3223 sinit
531 3154 720 3222 femininum
744 3155 795 3235 λΐς
812 3157 848 3240 (=
862 3157 958 3243 sla-s).
990 3158 1031 3222 sle
1056 3157 1256 3225 ‘zameissen'
1274 3160 1388 3225 subest

259 3353 278 3421 ι)
302 3369 327 3407 v.
350 3366 420 3420 quae
445 3348 573 3404 disseruit
598 3346 632 3403 de
658 3346 720 3421 ψᾶρ
746 3351 840 3424 φᾶρός
866 3363 900 3403 ar
926 3353 983 3423 ψλρ
1009 3349 1115 3423 *aanor
1143 3350 1217 3405 natis
1242 3349 1387 3404 lohannes

187 3438 312 3493 Schmidt
329 3437 386 3494 KZ.
407 3435 485 3490 XXV
504 3440 546 3491 3ο.
1056 3494 1059 3499 ,

258 3528 278 3593 ¹)
297 3523 390 3580 λἰεσσι
416 3522 541 3578 'vocalem
574 3522 686 3590 longam
720 3537 735 3577 e
769 3521 937 3578 nominativo
969 3523 1125 3578 accusativo
1159 3539 1198 3590 ag.
1234 3527 1385 3580 mutuatur.

187 3614 283 3669 Flexio
302 3613 425 3681 legitima
443 3618 499 3666 est:
519 3608 574 3675 lic,
594 3610 677 3680 'lay‘df
696 3630 729 3658 >
748 3611 817 3668 λλός.

258 3706 278 3765 ³)
297 3700 398 3755 Poetae
423 3698 576 3754 imitatores
601 3713 656 3752 uno
680 3696 802 3751 alterove
826 3696 885 3750 loco
911 3699 1022 3750 λειονι-
1047 3695 1248 3765 adhibuerunt;
1273 3699 1302 3754 in
1327 3717 1386 3756 car·

187 3788 260 3843 minc
279 3786 372 3842 dorica
391 3785 511 3841 dialecto
529 3784 680 3854 composito
699 3784 755 3839 ΑΡ.
774 3782 814 3836 lX
833 3787 882 3836 237
903 3782 1004 3850 legitur
1023 3785 1210 3849 ληονιοπᾰλα.

257 3878 278 3942 ⁴)
297 3874 354 3929 KZ.
373 3873 398 3927 V
417 3878 475 3926 335.
512 3871 553 3928 of.
573 3872 656 3926 etiam
682 3868 819 3923 Lefmann
845 3868 900 3926 BB.
921 3869 947 3922 X
965 3874 1025 3923 303.
1045 3901 1077 3910 -
1096 3872 1168 3926 Cave
1187 3873 1333 3942 quicquam
1353 3877 1387 3932 de

187 3961 373 4018 vetustissima
388 3959 506 4016 nominis
524 3959 614 4014 lomna
627 3973 642 4013 e
654 3972 739 4026 germ.
752 3960 814 4011 lamo
833 3955 900 4011 slav.
913 3958 970 4010 λῖυῒι
989 3956 1030 4013 lit.
1044 3959 1125 4012 liaeus
1144 3957 1256 4014 efficere
1269 3962 1386 4031 coneria3

188 4064 252 4104 nam
277 4049 347 4104 hacc
374 4047 467 4102 omnia
494 4045 614 4115 pendere
638 4043 766 4099 videntur
790 4057 805 4096 e
829 4042 917 4098 latino
936 4046 975 4099 leo
1001 4073 1032 4083 -
1058 4060 1179 4101 consona
1201 4067 1216 4101 ν
1240 4049 1386 4116 postmodo

187 4137 260 4191 inter
278 4133 385 4191 vocales
402 4135 512 4189 hiantes
530 4134 636 4189 inserta
655 4133 734 4201 (ruse.
748 4132 871 4203 leventij
889 4130 1006 4201 Lugebil
1019 4132 1154 4191 Fleckeis.
1173 4133 1272 4190 Jahrb.
1291 4137 1386 4207 Suppl.

187 4222 241 4277 llll
251 4224 311 4292 24³)
324 4253 354 4264 -
366 4223 439 4292 quod
452 4231 481 4278 al
489 4223 578 4290 ipsum
589 4221 707 4284 Romani
717 4236 734 4274 a
745 4220 857 4275 Graecis
867 4228 1040 4290 acceperunt.
1059 4222 1172 4277 Bremer
1182 4223 1235 4278 PB.
1246 4222 1316 4280 lllll
1326 4230 1386 4283 384.

258 4312 278 4378 ⁵)
298 4308 338 4364 cf.
358 4309 422 4365 Joh.
442 4308 566 4363 Schmidt
586 4307 747 4364 Pluralhild.
767 4313 825 4362 433.

257 4399 280 4461 ⁰)
300 4395 341 4451 Ol.
354 4399 460 4451 λέαινα.
484 4394 585 4450 Postea
604 4399 674 4449 λέων
691 4397 718 4449 in
738 4394 895 4461 analogiam
915 4396 1123 4464 participiorum
1147 4396 1215 4453 abiit
1234 4402 1386 4471 (θεράπων

188 4503 299 4544 -σντοςε
319 4484 484 4556 θεράπαινα
503 4481 572 4536 deul.
590 4483 790 4555 θερράπσνος).
