2956 5018
704 231 940 296 —480-

224 418 414 500 producitur
435 417 498 483 nisi
520 424 676 498 sequente
692 420 851 484 vocabulo
874 421 961 499 quod
976 421 1159 502 complures
1182 439 1344 487 consonas
1364 428 1417 492 aut

224 541 399 587 consonam
422 523 620 604 geminatam
650 523 683 587 in
706 522 814 588 fronte
837 524 936 589 habet
966 563 1004 570 -
1029 525 1131 590 sicubi
1154 525 1344 592 terminatio
1367 527 1416 591 eli·

224 626 314 691 sione
344 626 564 707 abrumpitur,
595 626 680 691 ictus
710 627 835 692 recedit
864 627 898 692 in
928 628 1081 709 primam,
1108 626 1244 694 ἄπειμ’
1277 628 1418 711 οὐλόμεν’

224 730 385 815 γεινόμεθ’
396 767 446 810 -,
473 729 615 815 alapam
632 731 811 816 φιλὸσόφος
828 732 975 812 aspirata
996 752 1080 812 quae
1096 733 1305 813 productioni
1321 733 1417 813 favet,

225 835 361 915 συβὸσῑα
384 835 538 916 μεθῑέμεν
561 862 572 897 ι
596 834 718 901 vocalis
740 834 849 899 indole
877 836 928 900 eui
956 841 1032 902 ante
1056 837 1203 904 vocalem
1226 838 1302 918 plus
1326 857 1418 917 quam

224 938 341 1003 ceteris
380 936 496 1004 virium
530 936 638 1001 inesse
672 936 816 1020 videtur,
858 940 1049 1024 τρικέφᾶλον
1083 940 1236 1022 analogia
1271 941 1419 1006 similium

224 1043 339 1127 (supra
361 1060 436 1122 pag.
460 1040 549 1124 252),
575 1038 788 1124 Σευγοσΰδωρ
812 1041 1049 1124 paradigmatis
1072 1043 1284 1123 aequalitate.

310 1145 397 1211 Satis
421 1149 575 1209 accurate
598 1143 776 1224 respondet
797 1144 995 1228 tragicorum
1019 1165 1107 1212 usus.
1139 1147 1212 1212 ‘Die
1235 1148 1420 1230 ausgeldste

222 1249 316 1315 Arsis
352 1249 426 1314 fallt
459 1248 519 1314 auf
549 1248 601 1313 die
635 1248 752 1314 beiden
789 1254 898 1315 ersten
934 1250 1043 1316 Silben
1079 1251 1138 1316 des
1167 1253 1313 1318 Wortes'
1347 1252 1418 1337 (ab,

221 1351 290 1419 &aa
322 1353 443 1439 etc.).¹)
490 1354 562 1436 Qua
592 1357 703 1417 tamen
732 1353 765 1417 in
796 1372 833 1418 re
867 1373 983 1420 versus
1016 1355 1142 1421 initium
1177 1356 1264 1435 quod
1298 1356 1420 1421 maiore

222 1463 335 1523 utatur
357 1458 489 1522 licentia
513 1457 618 1538 excipi
641 1461 895 1523 consentaneum
918 1464 978 1523 est.
1025 1459 1082 1523 ‘Es
1111 1462 1261 1525 kommen
1292 1459 1327 1524 in
1359 1460 1419 1524 den

222 1567 239 1629 7
258 1563 444 1645 'Pragadien
461 1559 532 1648 [des
548 1559 743 1647 Aeschylus]
765 1561 950 1644 dreisilbige
967 1565 1100 1628 Warter
1116 1584 1179 1631 von
1197 1565 1271 1629 dem
1288 1565 1420 1629 Maasse

222 1668 312 1733 eines
328 1667 525 1749 Tribrachys
551 1665 678 1730 ladmal
694 1684 762 1744 vor,
788 1665 895 1731 davon
919 1666 1027 1731 bilden
1054 1670 1111 1731 101
1139 1667 1232 1732 einen
1250 1668 1420 1732 'Procbaus

223 1771 316 1858 [aab
352 1773 392 1835 22
428 1771 491 1834 den
521 1770 659 1834 Jambus
693 1769 750 1832 des
785 1774 895 1833 ersten
925 1769 1049 1835 Fusses
1080 1767 1155 1858 [aa]
1187 1772 1254 1836 und
1284 1791 1350 1836 nur
1378 1792 1419 1836 an

222 1878 285 1941 den
321 1875 391 1940 drei
425 1871 532 1960 [immo
568 1872 687 1954 ‘zwei',
722 1892 797 1937 nam
831 1874 923 1938 Pers.
956 1876 1018 1939 783
1053 1880 1227 1955 corruptus
1263 1873 1328 1961 est]
1364 1894 1418 1939 au-

222 1979 394 2063 geitibrten
418 1978 542 2043 Stellen
573 1975 677 2064 [Pers.
702 1980 767 2042 330
796 1977 852 2042 ubi
882 1982 991 2044 tamen
1023 2017 1063 2025 —
1094 1985 1229 2044 anctore
1260 1979 1419 2044 Muellero

222 2083 295 2163 ped.
320 2082 377 2146 sol.
403 2083 444 2145 25
469 2119 509 2126 -
533 2080 683 2147 vocabuli
706 2082 795 2164 λιγέα
819 2080 954 2163 syllabis
977 2081 1098 2146 ultimis
1125 2082 1299 2164 synizesim
1329 2082 1418 2148 adbi-

221 2187 317 2266 beaS,
341 2185 429 2250 hand
453 2203 547 2248 secus
571 2191 669 2263 atque
693 2184 855 2250 adiectivo
878 2187 990 2266 μέλεοζ
1011 2185 1064 2249 aa
1093 2187 1185 2250 Pers
1210 2189 1291 2269 724;
1317 2186 1419 2251 Choe-

221 2289 312 2369 phor.
342 2287 386 2352 in.
418 2289 517 2372 Ἑρμῆ
545 2287 659 2371 χθόνιε
690 2282 808 2370 -ιυῶ;
841 2288 926 2353 adde
956 2288 1088 2355 tertium
1119 2291 1181 2371 Ag.
1216 2293 1295 2354 1561
1333 2292 1419 2367 ’ξένια

220 2389 284 2478 odi]
326 2391 370 2456 ist
406 2391 488 2455 auch
526 2394 618 2454 sonst
659 2389 710 2454 die
747 2389 926 2473 jambische
964 2391 1120 2474 Messung
1161 2393 1418 2477 angewandt’.²)

222 2496 366 2559 ι11151155
395 2513 460 2560 von
488 2493 547 2557 der
573 2491 730 2556 Prosodie
761 2492 850 2556 eines
882 2493 1079 2576 Tribrachys
1108 2494 1259 2560 kommen
1289 2497 1324 2561 in
1356 2497 1418 2562 den

221 2599 238 2662 1
272 2591 456 2679 'Fragbdien
493 2594 563 2682 [des
597 2593 785 2682 Sophocles]
821 2601 908 2663 etwa
941 2597 1039 2681 300³)
1077 2617 1153 2679 vor,
1190 2599 1331 2666 weitaus
1366 2601 1417 2665 die

220 2701 387 2766 Mebrzabl
409 2701 454 2765 ist
476 2698 659 2764 trochaisch
685 2700 891 2781 verwendet,
922 2701 1080 2767 wahrend
1110 2704 1152 2766 52
1183 2703 1246 2767 den
1278 2703 1417 2769 Jambus

220 2805 278 2869 des
305 2811 414 2869 ersten
441 2804 564 2868 Fusses
590 2802 750 2888 bilden’.⁴)
796 2803 906 2868 Etiam
940 2805 1217 2887 polysyllaborum
1250 2806 1415 2873 15155115-

219 2914 336 2974 runtllr
373 2910 520 2991 syllabae
553 2908 704 2989 initiales,
743 2909 892 2996 πρλὲμιος
928 2911 1120 2993 περίδρομος
1154 2909 1276 2994 (ἄυὲὶ).
1330 2912 1415 2977 Arti-

219 3013 309 3077 culus
339 3018 374 3076 et
403 3011 661 3092 praepositiones
692 3009 873 3075 arctissime
904 3029 976 3076 oum
1006 3017 1164 3092 sequente
1187 3012 1319 3079 nomine
1344 3034 1415 3080 con·

218 3115 440 3196 glutinantur,
483 3120 519 3179 ut
559 3115 658 3179 ictum
700 3114 884 3180 necessario
924 3114 958 3178 iu
993 3133 1028 3179 se
1062 3116 1213 3197 trahant,
1251 3116 1308 3199 τὸν
1341 3118 1417 3199 ἐμὸν

103 3277 106 3283 .
219 3218 298 3305 (ἀλ.)
331 3216 383 3295 διὰ
413 3223 516 3303 χερῶν
547 3212 669 3303 (sm).
715 3219 838 3299 Legem
875 3217 1019 3299 migrant
1047 3219 1080 3284 in
1110 3221 1267 3303 Aeschyli
1296 3221 1416 3288 fabulis

218 3323 346 3388 nonnisi
383 3324 475 3388 Pera.
499 3325 563 3387 446
595 3323 610 3388 ὁ
643 3321 834 3408 φιλόχορος,
866 3321 951 3401 quod
981 3321 1079 3386 nimio
1101 3323 1250 3390 brevium
1281 3344 1416 3391 numero

218 3432 394 3493 excusatur
434 3426 569 3507 perinde
608 3430 706 3504 atque
746 3428 947 3503 κατακείετε,
989 3430 1023 3490 et
1062 3423 1127 3490 iam
1165 3426 1270 3492 allata
1302 3430 1415 3512 χθόνεε

219 3532 305 3607 ξὲνμε
343 3548 427 3610 quae
465 3527 700 3609 composuerim
739 3546 811 3591 enm
855 3526 1032 3612 ovadoiafi)
1070 3527 1247 3609 Sophocles
1286 3533 1344 3611 qui
1385 3534 1416 3598 in

218 3635 335 3700 Trach.
367 3639 401 3698 et
429 3633 565 3698 Philoct.
597 3652 617 3696 a
647 3631 755 3713 prisca
784 3650 898 3696 norma
928 3631 1062 3696 deflexit
1095 3631 1236 3716 (ἐτέλεσε
1271 3635 1330 3702 Tr.
1355 3640 1414 3704 911

219 3738 351 3822 6λρ35ιά
376 3740 448 3802 878.
482 3773 521 3782 -
554 3736 570 3800 ὃ
599 3736 726 3815 Πύλιος
755 3735 814 3798 Ph.
843 3737 907 3799 422
940 3734 1113 3817 πιθόμενος
1146 3739 1229 3803 1226
1263 3746 1417 3823 πολέμιον

288 3962 309 4029 ¹)
326 3961 421 4028 Enger
439 3965 490 4012 lto
520 3960 580 4026 (444
600 3958 659 4024 aa).
696 3954 736 4012 Gi.
759 3954 811 4009 Fix
834 3957 863 4010 in
887 3956 982 4024 Eurip.
1008 3957 1049 4009 El.
1079 3963 1109 4011 la
1134 3958 1186 4024 (ed.
1214 3959 1304 4016 Paris
1335 3963 1416 4017 Didot

220 4049 303 4117 raro).

288 4134 502 4200 1)14]ιις51448.

288 4225 308 4288 ³)
329 4220 489 4273 accuratius
509 4217 634 4272 dixisset:
655 4219 715 4269 ‘300
734 4215 807 4273 mal!

288 4309 307 4373 ⁴)
327 4305 438 4371 Philipp
463 4310 503 4358 22.
542 4303 583 4360 01.
607 4303 690 4358 etiam
709 4302 840 4369 anpelt
859 4303 959 4356 Philol.
980 4303 1056 4359 XXV
1076 4309 1107 4359 at
1127 4321 1186 4373 sqq.
1213 4304 1339 4365 xxvln
1359 4315 1415 4365 429.

289 4395 309 4460 1)
328 4393 370 4445 Ex
383 4393 506 4459 partibus
526 4392 627 4446 melicis
640 4390 722 4457 plura
741 4386 832 4442 afferri
846 4397 967 4457 possunt,
987 4395 1100 4462 ἐρέθισε
1114 4393 1204 4451 Prom.
1221 4400 1281 4463 184,
1301 4402 1417 4468 ᾰμᾳχον

217 4479 338 4546 Chasph.
359 4485 399 4544 50,
420 4480 559 4550 εἶχςὶριιον
578 4487 621 4546 40,
640 4477 794 4543 adduntur
814 4486 855 4544 50,
873 4486 1044 4553 φερρμένων
1065 4484 1104 4532 ta.
