2956 5040
685 220 921 286 -222-

289 412 384 497 Quod
399 416 519 494 poetae
535 414 580 477 εἰν
596 410 698 501 ἀγορῇ
714 411 774 477 εἰνὶ
790 410 905 501 θύρῃσι
931 428 991 492 pro
1008 428 1072 476 uno
1095 408 1258 477 vocabulo
1275 408 1404 492 habent,

202 517 372 602 proclitioa
394 516 673 600 praepositionum
687 514 842 600 natura1)
865 514 963 581 facile
978 518 1173 598 excusatum
1197 512 1238 580 cf.
1252 513 1406 581 Wheoler

202 622 331 689 Grieoh.
355 621 617 688 nominalaocent
639 623 681 687 98
704 638 774 702 sqq.
798 624 834 686 et
856 638 941 702 quae
963 618 1104 694 adnotat
1126 618 1223 684 Bless
1249 607 1405 700 atusspr.³

204 728 265 793 123
289 730 355 792 not
378 726 441 791 tut
467 724 508 792 ds
531 725 767 792 consuetudine
789 723 958 791 titulorum
981 721 1282 809 orthographicas)

289 849 335 913 εῖν
358 845 459 937 ἀγορῇ
481 852 558 914 cett.
584 849 644 915 civi
667 847 786 938 θύρῃσι
808 851 885 913 cett.
909 847 1090 932 Πειρίθους
1116 842 1181 910 iam
1204 836 1309 925 supra
1331 843 1405 910 mihi

202 951 487 1017 commemoranda
509 950 651 1036 fuerunt
676 951 736 1019 sed
751 949 1014 1033 quandoquidem
1037 950 1079 1016 ab
1096 950 1142 1014 εἰν
1165 946 1404 1032 ‹ila'trisyllabo

201 1074 267 1122 non
290 1059 472 1138 potuerunt
493 1055 674 1140 segregari,
697 1054 750 1121 hie
772 1054 902 1120 demum
925 1053 967 1120 ‹ie
990 1053 1038 1120 eis
1061 1053 1165 1122 verba
1186 1049 1261 1118 ieci.

290 1175 330 1242 In
353 1173 512 1258 exemplis
535 1195 620 1258 quae
642 1177 811 1260 hucusque
833 1175 1057 1260 productionis
1073 1174 1229 1241 metricae
1252 1172 1287 1239 in
1310 1191 1404 1242 voca-

202 1279 288 1348 bulis
321 1277 520 1347 tribrevibus
550 1279 714 1347 admissae
743 1279 967 1347 recensuimus
1001 1278 1125 1349 vocalis
1155 1277 1320 1360 producta
1351 1282 1406 1342 aut

204 1388 281 1452 ante
314 1383 459 1450 litteram
492 1383 649 1467 liquidam
683 1384 737 1455 vel
770 1383 999 1454 semivocalem
1030 1382 1078 1472 (f)
1113 1387 1172 1449 aut
1201 1409 1211 1447 ι
1244 1386 1298 1448 est
1331 1385 1406 1447 ante

277 1607 295 1678 ¹)
314 1607 422 1663 Eadem
440 1607 598 1665 condicione
617 1610 658 1666 uti
676 1609 705 1664 iu
717 1608 905 1666 Romanorum
923 1624 1050 1665 sermone
1062 1607 1282 1678 praepositiones
1299 1612 1406 1661 constat

204 1695 311 1764 aliquot
334 1695 436 1752 vocalis
460 1695 489 1750 in
514 1696 624 1753 nomine
650 1698 691 1753 ita
714 1703 838 1752 mutatae
864 1697 1011 1765 exemplis,
1040 1701 1085 1764 ut,
1104 1696 1156 1750 nisi
1175 1693 1405 1764 praepositionem

204 1783 292 1840 accini
319 1789 348 1837 et
375 1798 436 1837 oum
460 1783 623 1854 insequente
653 1782 786 1840 vocabulo
821 1785 934 1853 proprio
962 1790 1078 1839 accentu
1106 1782 1238 1838 destituto
1265 1782 1295 1837 in
1324 1797 1404 1836 unum

204 1886 305 1939 corpus
323 1870 458 1927 coaluisse
470 1887 618 1941 sumamus,
637 1874 806 1941 explicatum
824 1873 949 1929 habeant
961 1872 1081 1940 nulium;
1100 1869 1135 1925 ei.
1149 1873 1405 1926 mascemutinas

203 1960 264 2013 ilico
280 1960 404 2028 protinus
423 1961 508 2013 denuo
526 1962 617 2016 sedulo
636 1960 681 2027 m(
683 1962 727 2015 nlo
730 1962 747 2028 )
772 1960 840 2015 CIL.
859 1959 874 2014 1
892 1965 958 2030 200,
978 1965 1010 2013 88
1034 1962 1081 2014 sed
1091 1958 1179 2027 jrude
1203 1976 1254 2011 sue
1282 1963 1349 2027 198,
1374 1964 1404 2010 et

202 2047 367 2116 praefiscini,
391 2059 462 2114 quaa
486 2045 580 2101 omnia
605 2047 743 2115 congessit
767 2047 832 2102 Joh.
852 2045 978 2102 Schmidt
1001 2044 1165 2101 Pluralbild.
1188 2044 1238 2099 der
1255 2043 1404 2112 iudogerm.

205 2131 311 2187 Neutra
336 2137 369 2185 5⁰
394 2130 458 2190 adn.
479 2138 502 2188 1.
538 2131 590 2188 His
617 2132 726 2188 disertis
754 2134 839 2201 ipsius
870 2133 982 2201 linguae
1011 2131 1176 2188 testimoniis
1206 2147 1263 2186 uon
1293 2146 1405 2199 prorsus

205 2218 306 2274 desunt
324 2217 488 2286 scriptorum
506 2219 680 2289 testimonia;
705 2218 770 2274 audi
789 2218 990 2288 Quintilianum
1009 2218 1023 2272 l
1042 2224 1072 2287 t,
1091 2224 1123 2272 tt
1148 2217 1184 2273 de
1201 2217 1405 2287 praepositione

205 2321 265 2361 cum
283 2306 394 2361 nomine
412 2307 506 2363 iduma
532 2308 601 2362 haec
620 2307 820 2375 dupcuntem:
844 2307 924 2362 ‘Mihi
947 2305 1056 2362 ridetur
1077 2306 1264 2362 condicionem
1290 2312 1405 2371 mutare

204 2391 278 2462 quod
296 2393 341 2448 his
358 2393 425 2449 loeis
443 2392 528 2450 verba
545 2393 741 2463 coniungimua.
777 2395 849 2450 Nam
869 2409 930 2450 curu
950 2394 1010 2449 dico
1029 2396 1128 2448 circum
1147 2397 1239 2457 litora,
1264 2398 1405 2461 umquam

205 2495 288 2534 unum
306 2479 420 2535 enuntio
439 2478 614 2535 dissimulata
632 2479 822 2550 distinctione,
847 2480 941 2550 itaque
966 2487 1108 2549 tamquam
1133 2480 1161 2536 in
1186 2496 1242 2536 una
1266 2496 1334 2536 voce
1351 2495 1405 2534 una

204 2574 247 2622 est
265 2574 361 2636 acuta,
387 2566 460 2634 quod
482 2566 555 2622 idem
573 2568 674 2624 accidit
690 2569 719 2623 in
743 2568 792 2623 illo
811 2569 919 2624 ‘Troice
941 2571 987 2639 pai
1005 2570 1111 2638 paruos
1129 2568 1163 2621 ab
1187 2567 1269 2621 οηί”.
1307 2567 1405 2635 Quaru-

204 2669 287 2723 quam
306 2654 381 2709 illius
401 2658 495 2710 aetate
514 2664 643 2712 accentus
661 2657 717 2712 iam
736 2658 765 2713 in
783 2672 882 2712 nomen
901 2658 1156 2726 transmigraverat.

276 2743 298 2812 ¹)
316 2740 553 2811 Praepositionem
582 2752 611 2800 et
637 2758 736 2799 nomen
766 2745 912 2814 insequens
942 2745 1021 2813 quasi
1051 2759 1134 2799 anum
1166 2756 1266 2809 corpus
1298 2738 1405 2795 efficere

205 2829 353 2884 multorum
380 2827 523 2884 titulorum
548 2845 599 2885 usu
622 2828 759 2885 seniendi
786 2829 1006 2898 demonstratur,
1035 2830 1081 2899 qui
1107 2844 1169 2884 cum
1195 2828 1225 2883 in
1249 2827 1405 2882 universum

204 2929 340 2970 consonas
363 2912 463 2971 finales
490 2916 654 2972 assimulare
681 2917 825 2987 omittant,
853 2925 949 2974 tamen
975 2918 1004 2972 iu
1031 2930 1163 2985 oowmpage
1191 2916 1264 2970 inter
1291 2928 1405 2983 praepo

205 3002 332 3057 titionem
357 3008 386 3057 et
410 3015 509 3056 nornen
537 3003 599 3068 (nec
624 3018 679 3058 nou
705 3003 780 3057 iuter
803 3003 950 3058 articulum
978 3009 1006 3058 et
1033 3010 1142 3070 nomen)
1169 2999 1405 3056 assimulationem

205 3089 344 3156 scriptura
362 3087 487 3144 indicant
506 3083 713 3159 (lteisterhtns¹
732 3093 785 3157 80).
821 3090 905 3146 Velut
927 3088 1028 3145 Kaibel
1046 3104 1088 3147 ur.
1107 3092 1141 3142 88
1165 3088 1192 3156 (2
1211 3088 1310 3158 μολὼν
1328 3087 1406 3161 πρὸς.

206 3180 297 3250 apta
316 3177 423 3249 γενεὰν
446 3180 589 3249 βλαστών,
614 3177 729 3254 πατρὸς.
749 3185 764 3234 b
782 3181 840 3250 pla
863 3182 978 3234 ναλλικ.;
1004 3185 1029 3232 l.
1051 3183 1063 3231 1
1083 3179 1252 3249 Σύμμαχος.
1271 3182 1287 3230 8
1307 3177 1405 3247 ἐγκόλ-

205 3266 290 3335 ποις).
311 3269 362 3320 888
380 3265 408 3332 (i
427 3268 525 3336 κωφὴν
542 3273 664 3338 pectore.
682 3271 698 3320 8
717 3268 851 3337 λαμπρὸν
869 3269 955 3340 φάος.
977 3274 1001 3322 t.
1020 3267 1146 3341 θρήνων,
1164 3269 1238 3336 φίλε.
1265 3269 1289 3321 8.
1309 3266 1405 3334 μακά·

206 3372 264 3423 ρων
282 3353 399 3414 recidas:
419 3360 432 3405 t
454 3354 597 3428 ἐμφρεσὶ).
616 3358 667 3406 tes
685 3355 710 3419 (l
732 3353 793 3420 δὴν,
811 3359 949 3427 utpotae:
969 3359 985 3407 8
1005 3356 1141 3429 inepti).
1161 3359 1212 3408 tot
1231 3357 1261 3419 (8
1280 3353 1407 3421 πάμπαν

206 3443 375 3510 κεκλῃμένης
395 3444 410 3494 8
430 3439 584 3512 ἐγγαστρὸς
603 3442 794 3512 repositione).
813 3447 864 3496 810
884 3442 909 3507 (1
925 3443 999 3510 ἥμην
1017 3438 1124 3511 φωνὴν.
1141 3441 1249 3510 4ἄγαν
1266 3444 1407 3512 φρονέων.

206 3530 311 3599 tiana
328 3529 477 3602 πρότερον.
499 3534 511 3580 i
526 3528 700 3595 coadunitur,
719 3528 868 3583 παίδευσιν.
889 3528 1077 3582 liettardum
1089 3530 1181 3596 φωσὶε
1200 3529 1216 3577 8
1230 3525 1407 3595 taedisque,

206 3614 437 3692 ἐμπραιιίδεσσι).
456 3620 533 3672 etta
551 3619 580 3684 (4
600 3616 720 3682 δισσῶν,
740 3616 881 3677 παιδείας.
904 3621 920 3669 8
939 3616 1053 3682 θνητῶν
1071 3611 1204 3668 xuidtoa’:
1233 3617 1246 3665 l
1267 3611 1323 3682 ῐῆμ
1342 3614 1407 3682 μὲν,

206 3702 258 3775 rip
277 3707 420 3779 Γοργίου).
456 3702 538 3759 Talia
556 3702 657 3759 Kaibel
678 3703 756 3760 cuius
777 3701 1001 3760 cousuetudinem
1020 3702 1080 3770 ipse
1097 3704 1208 3758 secutus
1226 3715 1286 3755 sum
1306 3699 1408 3767 optime

206 3789 246 3845 its
265 3804 383 3845 exarare
402 3790 475 3846 solet
492 3797 523 3846 ut
542 3789 618 3845 nullo
636 3791 727 3859 spatio
751 3790 884 3847 vmabula
909 3788 1073 3846 assimulata
1096 3788 1168 3844 inter
1185 3802 1214 3843 sa
1234 3785 1407 3843 dirimantur.

207 3875 248 3934 Cf.
277 3884 424 3947 praeterea
452 3877 554 3933 Cauer¹
583 3893 623 3931 nr.
654 3882 703 3932 180
735 3879 848 3952 (Θήρων
883 3877 1115 3951 Βουδαστριίτου.
1152 3873 1225 3946 ἦμεν
1253 3875 1407 3948 medicator:

207 3967 326 4037 ἐμπᾶσι.
355 3967 528 4037 tumultum).
557 3964 655 4022 collita
683 3981 724 4020 nr.
749 3970 800 4022 ata
831 3963 929 4037 (αὖῐον
959 3966 1069 4030 πάθην.
1094 3964 1406 4034 ἕλαχονΜυτιλὴναοιι

208 4055 344 4124 latidum
371 4051 433 4111 -bis.
468 4054 666 4123 ἐμΜυτιλιίναι
702 4051 762 4119 bit).
813 4052 927 4108 Bechtel
967 4051 1072 4110 Inachi.
1099 4051 1158 4120 jon.
1188 4049 1263 4106 Diui.
1299 4065 1342 4104 nr.
1375 4052 1406 4101 43

207 4140 305 4215 (τριῶν
326 4142 395 4211 χῶν.
421 4143 516 4196 ἔλαιον
536 4138 575 4212 μὴ
599 4143 700 4196 uuor.-
724 4141 1018 4212 co'ryxoeacqaiapatrtm.
1043 4142 1163 4213 ἐγκλίνῃ.
1183 4137 1344 4209 elysum)
1360 4136 1407 4190 all.

207 4227 330 4284 Maxim
342 4227 528 4284 memorabilis
545 4227 643 4282 titulus
660 4227 749 4283 Cauer
768 4233 779 4266 ¹
797 4244 839 4286 ur.
854 4234 903 4283 180
921 4226 1077 4283 discmmine
1089 4227 1162 4281 iuter
1180 4224 1292 4280 aruculi
1304 4222 1407 4279 formas

207 4323 235 4372 01
259 4314 493 4384 praepositionem
512 4319 543 4371 ἐν
569 4313 729 4383 obturato,
756 4316 889 4372 Ἆλιαδᾶν
916 4314 1034 4388 apciton.
1059 4320 1124 4383 βίον
1145 4319 1314 4385 φαίνωνται.
1343 4315 1406 4367 ἐπι-

207 4409 325 4477 μέλειαν
343 4409 542 4460 ποιείσθωσαν
559 4403 610 4459 bill.
630 4414 720 4460 κινεῖν
738 4404 825 4471 μήνιε
843 4403 898 4456 τῶν
921 4407 1075 4472 Βακχείων.
1095 4400 1145 4456 τὸν
1162 4407 1228 4469 βίον
1249 4399 1406 4470 quinquies:

209 4495 329 4566 ἐμπᾶσι,
349 4495 464 4564 lapsuri.
