2986 5010
666 210 904 276 -286-

186 401 319 468 tissimis
349 406 479 467 constat
509 401 676 482 exemplis.
722 402 818 484 Quod
848 400 877 466 si
905 420 1024 468 revera
1053 400 1087 467 in
1117 401 1228 479 κλειζω
1256 419 1387 482 qnoque

186 507 335 575 evenisse
358 525 541 587 sanamur,
566 504 712 588 plurimis
734 505 814 571 locis
837 504 917 571 nihil
940 504 1068 570 omnino
1091 504 1253 570 intererat
1275 510 1387 572 utrum

185 609 303 676 Graeci
334 612 469 677 verbnm
500 609 623 699 κλῄζειυ
656 629 699 675 an
733 610 873 676 alterum
906 610 987 676 illut
1017 611 1150 689 κλειζειυ
1179 609 1385 675 adhiberent.

185 717 283 781 Velut
306 715 455 797 Sophocl.
480 716 560 781 Oed.
585 715 623 780 R.
652 715 732 779 1451
757 733 827 794 sqq.

481 819 538 873 αλλ’
558 822 590 871 ἔτι
608 837 645 887 με
666 824 758 872 ναίειν
777 821 887 890 ὄρεσιν,
907 821 978 871 ἔνθα
997 820 1120 891 κλῄζεται

479 904 569 976 οὑμὸς
587 911 739 977 Κιθαίρων
759 896 841 964 οὗτος

183 1015 248 1063 nou
278 996 383 1062 minus
415 1001 492 1077 apte
523 993 766 1076 comparaveris
797 1012 868 1059 oum
898 993 1049 1074 Xenoph.
1073 993 1202 1059 Hellen.
1225 993 1256 1057 V
1285 1000 1316 1074 1,
1347 999 1387 1061 10

184 1102 263 1167 ἔνθα
288 1101 307 1188 ἦ
336 1102 517 1188 Τριπυργία
537 1110 683 1166 καλεῖται
694 1101 720 1186 ¹)
744 1120 841 1181 quam
865 1118 937 1165 cum
960 1098 1057 1180 soph.
1082 1098 1233 1164 Trachin.
1257 1101 1322 1164 638
1336 1117 1384 1179 sq.

161 1205 251 1271 Ἰἔνθ’
273 1206 428 1272 Ἑλλάνων
452 1205 569 1291 ἀγοραὶ
591 1204 773 1281 florentes
796 1204 943 1269 κλέονται
969 1203 1150 1284 (καλέονται
1179 1202 1280 1287 trad.)
1304 1203 1384 1287 (Ap.

183 1310 287 1376 Rhod.
318 1312 336 1377 I
367 1314 427 1377 237
461 1312 603 1395 ἔνθαπερ
635 1310 731 1376 ακταί
765 1310 922 1375 κλείονται
956 1308 1118 1393 Παγασαὶ
1148 1308 1384 1393 Μαγνητίδες).

183 1415 297 1498 Eurip.
322 1415 430 1481 Orest.
454 1417 515 1480 331
543 1418 595 1480 ἵνα
617 1413 826 1499 μεσόμφαλοι
849 1413 997 1498 λέγονται
1018 1414 1127 1496 μυχοί.

270 1520 308 1586 In
331 1521 394 1586 hac
416 1539 524 1585 rernm
549 1520 737 1586 condicione
761 1518 880 1585 Gracci
902 1517 964 1582 sibi
987 1536 1106 1584 cavere
1126 1516 1182 1583 vix
1204 1520 1386 1598 potuerunt

183 1625 308 1689 abhoc
331 1642 451 1705 errore,
476 1629 514 1689 ut
536 1627 670 1704 κλειζιιυ
694 1623 790 1690 ‘ferre
814 1623 980 1689 celebrare
1000 1622 1177 1687 uonrinare’
1202 1621 1386 1710 ο1κ1ᾑζειυ

184 1729 371 1794 ‘nominare'
396 1749 455 1810 pro
479 1731 593 1796 eodem
613 1731 713 1798 verbo
736 1731 947 1796 haberentet
969 1727 1159 1796 huicverbo
1182 1726 1384 1792 recentiores

182 1833 215 1897 in
249 1835 347 1899 rebus
385 1835 644 1918 orthographicis
675 1832 885 1914 aequalitatis
916 1829 1083 1896 cuiusdam
1115 1830 1252 1896 studiosi
1283 1851 1384 1897 unam

183 1938 378 2019 scripturam
416 1939 552 2028 (κλῄζειυ
588 1940 728 2026 κλήζειυ)
767 1937 1020 2017 constituerent;
1064 1955 1121 2001 cur
1163 1936 1247 2002 hane
1285 1937 1385 2002 alteri

183 2041 344 2128 (κλειζειυ)
368 2045 586 2125 praetulerint
607 2064 672 2109 non
696 2043 780 2109 tanti
803 2048 854 2107 est
877 2060 1045 2122 quaerere.
1088 2041 1126 2105 In
1151 2041 1272 2107 talibus
1295 2041 1383 2108 enirn

182 2166 278 2212 casus
307 2154 427 2231 regnat
456 2154 490 2214 ct
518 2149 626 2215 libido.
674 2149 745 2232 Quo
775 2147 870 2213 modo
902 2145 1021 2210 accidit
1050 2149 1087 2210 ut
1116 2163 1202 2210 nnnc
1232 2146 1383 2212 omnibus

181 2252 251 2317 fere
274 2253 366 2335 locis,
400 2253 498 2319 etiam
523 2254 569 2318 eis
593 2254 647 2319 nbi
670 2255 806 2320 verbum
829 2250 871 2316 ad
894 2251 1000 2332 κλέρος
1023 2248 1191 2329 pertinens
1215 2252 1382 2317 sententia

181 2357 301 2437 requiri
325 2357 396 2423 luce
419 2359 537 2425 clarius
569 2363 636 2441 est,
667 2341 790 2448 κλῄζειυ
813 2354 1017 2423 inveniamus
1048 2359 1083 2418 et
1112 2354 1248 2419 alterius
1279 2355 1382 2438 scrip-

176 2465 276 2527 turae
299 2464 433 2541 κλειζυιυ
462 2462 591 2528 nonnisi
621 2462 832 2529 tenuissimae
863 2464 977 2559 extent
1005 2458 1183 2540 relliquiae.
1230 2460 1279 2526 Cf.
1310 2462 1380 2527 ΑΡ.

181 2564 232 2631 IX
254 2568 319 2633 be
342 2587 390 2648 sq.

181 2710 388 2717 —.--.-.·—...

181 2773 280 2811 nomen
301 2757 390 2823 toth)
408 2757 512 2826 Cratyl.
526 2760 604 2814 1110
624 2759 827 2829 (ἐπιφημίσαι).
850 2756 957 2813 Gallim.
975 2756 1055 2824 frgrn.
1075 2760 1126 2808 216
1140 2754 1221 2813 Schn,
1241 2755 1383 2826 Lycopbr,

181 2843 260 2899 Alex.
282 2849 356 2902 1681.
394 2844 516 2898 Maneth.
536 2852 559 2898 Β
582 2852 630 2899 136
649 2861 688 2912 sq.

424 2935 516 2997 Xplnt
535 2932 562 2985 θ’·
582 2931 617 2992 ἃς
637 2939 684 2986 καὶ
706 2933 737 2999 b)
756 2934 956 3003 peteqq'pconv
975 2935 1076 3006 α’νερες
1095 2935 1152 3004 ἱροί

424 3025 470 3071 καὶ
490 3019 587 3089 Ζυγὸν
607 3021 755 3085 ἐκλήισσαν

115 3129 119 3137 ·
181 3106 228 3159 ubi
254 3109 454 3176 μειεφήμισαν
482 3106 592 3174 (Rhion.
618 3108 702 3165 Mein.
727 3112 779 3161 An.
805 3108 849 3165 Al
876 3109 934 3175 186)
959 3132 993 3150 =
1018 3111 1217 3177 μετακλείουσι
1236 3109 1381 3177 Apollonii

181 3190 282 3244 Rhodii
302 3191 416 3259 (Argon.
436 3192 462 3246 11
481 3199 531 3246 296
551 3196 600 3264 sq.)

563 3283 735 3355 Στροφάδας
756 3283 786 3337 ol
805 3283 997 3353 μετακλείουσ’
1016 3285 1168 3355 ἄνθρωποι

424 3371 525 3436 νήσους
544 3371 604 3423 τοῖό
623 3371 650 3439 γ’
669 3371 755 3435 ἕκητι,
776 3371 868 3443 παρος
886 3367 1008 3430 Πλωτὰς
1027 3374 1184 3434 καλέοντες,
1202 3358 1225 3374 ¹

180 3483 213 3501 ==
232 3460 442 3528 pernalq'rooov
460 3458 489 3510 in
507 3473 586 3512 versu
606 3456 670 3513 EM.
689 3463 748 3523 665,
766 3463 800 3511 16
819 3473 858 3527 sq.

432 3544 557 3614 τὸνμὲν
576 3551 622 3598 καὶ
641 3545 761 3619 Περσῆα
778 3547 987 3616 μετακλήισσαν
1007 3549 1120 3617 Ἀχαιοί.

212 3647 216 3656 ’
253 3637 271 3700 ¹)
289 3633 368 3687 Hunc
386 3648 464 3687 usum
484 3636 515 3686 ut
527 3648 583 3687 nos
602 3632 675 3700 lcqni
693 3633 882 3689 consuevimus
895 3634 963 3689 satis
981 3635 1080 3689 mirum
1098 3638 1181 3700 (ἔνθα
1199 3638 1326 3689 καλεῖται
1346 3661 1381 3681 ==

180 3717 225 3773 ubi
248 3721 330 3774 situm
356 3728 397 3774 est
421 3718 505 3788 quod·
518 3721 653 3788 καλεῖται)
682 3721 814 3793 exemplis
840 3721 1016 3776 illustrarunt
1042 3719 1173 3776 Schaelcr
1198 3720 1233 3775 ad
1263 3722 1380 3790 Gregor.

180 3806 302 3862 Corinth.
329 3823 355 3874 p.
375 3811 435 3871 686,
462 3804 591 3859 Meinelrs
615 3804 651 3859 ad
676 3807 785 3860 Cratini
807 3809 939 3880 Ἀρχιλόχ.
959 3807 1039 3876 frgm.
1059 3810 1097 3862 lv
1121 3809 1226 3876 (comm.
1244 3810 1273 3862 ll
1295 3816 1326 3863 18
1346 3836 1381 3856 ==

179 3891 292 3960 trgum
317 3893 330 3946 Ι
357 3898 387 3946 13
406 3891 504 3959 Koch),
532 3892 786 3947 Buechsenschuetz
818 3893 854 3947 ad
886 3895 1078 3963 Xenophontis
1103 3897 1191 3950 locum
1216 3895 1379 3951 laudatum:

178 3989 208 4037 A
231 3988 286 4036 151.
311 3981 389 4039 Pind.
408 3983 486 4037 Nem.
505 3983 545 4036 lx
564 3989 594 4036 41
617 3970 679 4034 ἕκτῳ
699 3983 794 4049 Ἀρίας
814 3983 906 4055 πόρον
924 3986 1077 4056 ἄνθρωποι
1097 3987 1254 4040 καλέουσιν.
1275 3983 1381 4043 Simon.

181 4074 243 4135 101,
263 4073 278 4120 3
298 4085 336 4136 sq.
373 4067 498 4136 Euripid.
516 4069 579 4127 Jon.
601 4075 629 4122 11
651 4085 709 4138 sqq.
739 4069 866 4135 Xenoph.
886 4069 985 4123 Oecon.
999 4076 1023 4133 4,
1038 4077 1061 4124 6.
1080 4070 1173 4139 Apoll.
1186 4070 1277 4125 Rhod.
1292 4072 1304 4124 Ι
1317 4077 1381 4129 216.

86 4148 88 4154 '
179 4154 216 4207 lV
240 4159 287 4207 115
307 4172 346 4223 sq.
372 4156 529 4224 Asclepiad.
549 4159 622 4212 Sam.
640 4156 768 4212 Meineke
792 4156 863 4210 chol.
887 4161 943 4210 153.
967 4155 1068 4210 Kaihcl
1094 4173 1134 4211 nr.
1154 4163 1214 4225 461,
1234 4165 1248 4210 4
1269 4174 1311 4226 sq.
1338 4159 1380 4213 Cf.

178 4243 261 4296 etiam
280 4243 407 4297 Aeschin.
421 4245 542 4312 ctesiph.
558 4251 606 4298 122
626 4245 697 4315 πρὸς
716 4248 747 4299 τὸ
768 4252 887 4301 Θυτεῖον
907 4249 965 4298 ἐκεῖ
982 4247 1167 4306 καλούμενον.
1192 4244 1236 4297 Ex
1255 4245 1310 4300 hoc
1328 4263 1382 4301 usu

179 4328 357 4397 explicandus
376 4329 451 4384 locus
464 4330 534 4384 Livii
553 4331 628 4386 cuius
647 4332 733 4386 menti
751 4332 872 4386 fortasse
886 4333 976 4387 nescio
995 4331 1069 4400 quod
1081 4331 1215 4387 Graecum
1234 4333 1382 4403 exemplar

179 4418 376 4474 obversabatur
388 4419 496 4473 XXXII
509 4425 542 4473 39
562 4419 645 4474 ‘haud
663 4418 760 4486 procul
776 4418 843 4474 urbe
855 4420 999 4490 Mycenica
1010 4421 1131 4474 rocatnr’
1144 4420 1192 4473 ubi
1210 4421 1382 4491 interpretes

178 4507 261 4562 moris
282 4508 449 4563 Graecorum
468 4508 639 4562 immemores
658 4523 716 4561 esse
735 4505 871 4565 videntur.
