2956 5040
697 216 934 298 *roe-2

215 421 338 508 Quibus
361 425 488 495 accedit
510 433 646 511 quartus
667 427 758 495 locus
781 428 933 511 paullum
948 426 1099 498 diversus
1124 432 1142 505 d
1165 429 1228 495 207
1253 448 1325 510 sqq.

439 550 500 626 ῥεῖα
520 545 545 603 δ’
563 555 721 626 ἀρίγνωτος
740 553 825 622 γόνος
845 554 947 626 α’νὲρος
967 542 989 622 ᾦ
1010 571 1036 606 ιε
1058 559 1189 623 Κρονίων

440 643 524 708 ὄλβον
543 642 679 714 ἐπικλώσῃ
699 646 838 712 γαμέοντί
857 660 886 695 τε
906 646 1064 710 γεινομένῳ
1084 641 1150 704 ια’)

212 745 282 812 Hos
305 745 447 828 quinque
468 747 556 813 locos
580 753 617 814 ut
642 748 772 830 penitus
800 746 1047 830 intellegamus
1080 745 1164 813 scire
1193 738 1334 813 neces'se
1363 755 1409 812 est

213 869 352 932 quonam
376 856 523 932 tempore
545 849 708 917 Homerus
731 852 854 918 Parcas
879 848 1019 935 (Αἴσον,
1044 857 1196 936 Memor,
1223 850 1408 932 Κλῶθοςν)

211 954 333 1022 homini
366 956 469 1022 fatum
505 958 657 1043 ἑοινῆοοι
695 976 720 1020 s,
753 959 926 1021 ἑοικλῶοοι
960 955 1154 1022 crediderit:
1189 955 1342 1022 nascenti
1370 975 1408 1022 an

212 1060 313 1126 nato?
341 1061 433 1146 Quae
456 1066 566 1128 tamen
590 1079 643 1128 res
659 1062 745 1144 quod
769 1064 981 1131 vehementer
996 1061 1170 1128 dolendum
1194 1061 1237 1127 ad
1253 1061 1408 1142 liquidum

212 1164 346 1245 perduci
370 1166 498 1231 omnino
521 1186 585 1233 non
616 1171 726 1249 potest
755 1163 948 1233 testimoniis
978 1165 1178 1247 interpretes
1207 1165 1309 1247 plane
1337 1165 1408 1230 defi-

212 1268 382 1335 cientibus.
428 1269 475 1336 At
497 1264 581 1337 scire
603 1271 681 1338 licet
710 1271 786 1354 qnid
810 1276 844 1337 et
866 1272 1010 1337 Homero
1033 1270 1234 1337 recentiores
1258 1277 1294 1337 et
1317 1271 1408 1337 Indo·

212 1373 359 1456 germani
381 1376 655 1456 septentrionales
682 1377 882 1445 crediderint
912 1382 946 1445 et
975 1375 1052 1442 inde
1082 1375 1240 1457 profectis
1270 1374 1409 1442 fortasse

212 1476 399 1544 coniectura
422 1479 552 1560 assequi
575 1480 652 1561 quid
674 1482 744 1564 ipse
767 1483 940 1552 Homerus

298 1583 434 1665 Parcae,
452 1584 535 1651 deae
552 1584 694 1672 topiarii
711 1606 848 1669 quarum
865 1589 1021 1676 adprecor
1037 1588 1191 1674 Ilithpn'ee
1203 1587 1408 1673 vocentur‚⁴)

211 1687 408 1768 parturienti
444 1688 572 1755 mulieri
609 1690 808 1780 adsistunt⁵)
847 1699 881 1760 et
913 1698 1014 1778 μοιός
1049 1689 1183 1760 munere
1217 1693 1408 1777 funguntur.

211 1792 360 1878 Λάχεσις
391 1795 432 1859 ab
455 1794 556 1878 Isyllo
579 1797 652 1878 μαῖ’
676 1795 779 1885 ripam}
804 1798 991 1867 nominatur
1026 1806 1060 1866 et
1090 1798 1221 1865 Κλωθώ
1253 1798 1408 1881 Pelopem

210 1898 305 1968 modo
320 1898 354 1968 In
376 1899 481 1968 lucem
498 1900 620 1969 edituro
643 1901 676 1970 in
692 1903 819 1970 cortina
841 1905 943 1973 levat.
979 1904 1061 1972 Nam
1085 1904 1132 1971 sic
1147 1902 1285 1970 Pindari
1309 1903 1410 1971 verba

211 2007 260 2075 Ol.
278 2009 353 2078 126
377 2011 452 2077 ἐπεί
470 2038 517 2077 νιν
539 2014 688 2099 noriano?-
703 2015 836 2101 λέβητος
859 2015 947 2094 ἔξελε
965 2013 1094 2080 Κλωθώ
1116 2010 1315 2095 explicanda
1339 2029 1409 2077 esse

209 2120 244 2181 et
272 2114 439 2184 consilium
469 2115 571 2183 totius
602 2115 754 2185 carminis
784 2114 881 2186 docet
910 2119 997 2200 quod
1024 2118 1192 2201 volgatam
1220 2115 1263 2180 de
1286 2113 1409 2197 Pelope

208 2230 351 2293 mactato
382 2230 417 2291 et
442 2244 463 2289 a
493 2224 563 2291 deis
593 2224 753 2306 sospitato
777 2222 921 2290 fabulam
945 2219 1101 2291 advocari
1124 2226 1219 2289 vetat
1249 2223 1284 2285 et
1314 2218 1410 2285 fidem

207 2323 288 2393 facit
309 2328 351 2393 ab
365 2327 600 2410 interpretibus
622 2328 792 2411 neglectus
815 2327 980 2394 Lucienus
1003 2322 1240 2410 tragoedopod.
1268 2326 1332 2390 106
1348 2342 1408 2404 sq:

346 2445 390 2505 ὅτε
411 2449 466 2524 γαρ
486 2453 615 2522 λαγόνων
635 2470 665 2506 σε
686 2454 805 2507 τεκοῦσα
823 2459 921 2523 Μοῖρα
940 2449 1049 2504 Κλωθώ
1069 2445 1125 2502 τότ’
1145 2448 1269 2502 ἔλουσεν.

207 2554 465 2623 Consectaneum
499 2557 630 2625 videtur
667 2562 705 2624 ut
740 2555 791 2623 his
829 2556 958 2622 demum
994 2556 1183 2639 μοιεοιινῆς
1220 2551 1409 2618 muneribus

206 2660 349 2748 peractis
384 2662 517 2731 Moerae
555 2663 685 2730 nemina
723 2659 838 2730 fatalia
876 2661 999 2727 ducant
1037 2663 1071 2725 et
1109 2655 1253 2724 carmine
1288 2661 1409 2722 sortem

206 2769 349 2838 suillium
380 2771 596 2855 constituant;
629 2769 863 2837 succiduarum
896 2765 998 2852 igliur
1028 2784 1093 2830 non
1125 2763 1318 2850 γιγνομένῳ,
1354 2759 1410 2827 sed

207 2876 372 2966 γενομένῳ.
419 2877 523 2960 Quam
559 2876 797 2943 conclusionem
836 2874 1006 2940 confirmet
1040 2867 1209 2951 Euripidis
1243 2865 1411 2949 Meleager

206 2982 394 3064 Apollodor.
418 2982 563 3049 biblioth.
584 2988 609 3049 l.
628 2986 657 3049 8.
675 2985 739 3048 21
767 2981 882 3049 τούτου
906 2979 964 3065 (Sc.
989 2977 1080 3065 Mel.)
1107 2977 1141 3042 δὲ
1166 2974 1258 3051 ὄντος
1284 2973 1412 3060 ἡμερῶν

207 3085 287 3154 ἑπτὰ
312 3088 573 3173 παραγενομένας
602 3085 658 3164 τὰς
683 3087 818 3171 Μοίρας
847 3085 951 3171 φασιν
982 3086 1083 3150 εἰπεῖν
1107 3079 1181 3146 τότε
1206 3076 1411 3164 τελευτήσειν

207 3196 401 3280 Μελέαγρον
439 3203 505 3260 ιιι.
544 3212 681 3277 quocum
725 3192 796 3261 loco
841 3190 1063 3273 comparanda
1107 3185 1216 3254 Ovidii
1263 3180 1409 3249 narratio

206 3306 370 3374 oretanum.
393 3297 478 3369 VIII
501 3298 563 3362 451
590 3315 659 3378 sqq.

450 3402 539 3469 Stipes
559 3409 627 3467 erat,
646 3414 726 3468 quern
745 3414 806 3452 cum
825 3404 922 3467 pertus
941 3398 1023 3452 enixa
1041 3398 1145 3453 iaceret

450 3487 586 3555 Thestias
606 3485 633 3539 in
652 3483 792 3540 flammam
812 3485 933 3556 triplices
951 3500 1067 3555 posuere
1086 3501 1202 3540 sorores.

209 3618 416 3635 ....---.---

278 3694 298 3754 ¹)
316 3692 443 3759 Agnosco
453 3688 583 3760 hysteron
596 3692 725 3755 proteron
736 3684 851 3753 (rectum
861 3681 985 3737 ordinem
996 3680 1083 3733 habes
1097 3676 1161 3734 Eur.
1173 3675 1275 3731 Troad.
1289 3680 1341 3729 tit
1352 3676 1410 3742 sq).

207 3780 278 3837 Nam
303 3795 396 3835 errare
421 3778 467 3846 qui
486 3784 648 3848 γεινομένῳ
667 3773 781 3829 rescribi
799 3772 896 3826 iubent
914 3767 1014 3823 docent
1031 3781 1125 3819 versus
1149 3763 1340 3830 insequentes:
1360 3766 1409 3813 111

207 3866 356 3936 respondet
365 3866 449 3920 verbo
463 3870 611 3936 γαμέονοι,
625 3868 676 3917 110
689 3861 777 3929 poscit
789 3863 959 3930 γεινομένῳ,
970 3860 1001 3909 ot
1013 3853 1117 3909 habeat
1127 3866 1181 3919 qno
1195 3857 1261 3916 epte
1271 3848 1410 3917 respiciet.

277 3960 298 4021 ²)
319 3952 396 4022 Quod
416 3953 500 4006 1207
521 3968 559 4020 sq.
589 3952 647 4019 ipse
674 3949 803 4017 Iuppiter
828 3945 999 4000 ἐοικλώοειν
1027 3939 1141 4006 dicitur,
1168 3933 1410 4004 interpretandum

206 4040 313 4104 ridetur
332 4057 347 4096 e
365 4048 433 4095 nota
452 4048 574 4095 veterum
593 4035 789 4108 brachylogia:
816 4033 954 4104 ἐπικλώσῃ
984 4028 1042 4082 iere
1061 4052 1094 4071 =
1117 4032 1227 4099 Μοίρας
1247 4023 1412 4095 οορασιιῐσγ

206 4134 235 4193 et
255 4131 426 4183 ἐσικλώθειν
445 4128 569 4203 κελεύσῃ.
605 4129 678 4189 Ζεὺς
698 4124 798 4181 dicitur
817 4137 871 4182 uon
889 4120 947 4175 eine
966 4132 1050 4171 eausa
1069 4120 1263 4187 Μοιραγέτης.

279 4216 299 4285 ⁸)
316 4210 412 4282 Eurip.
433 4215 492 4282 lph.
511 4216 595 4271 Taur.
613 4219 665 4270 205
684 4228 718 4267 ex
737 4209 889 4266 Hermanni
907 4204 1072 4262 coniectura.
1312 4209 1314 4212 ⁴

278 4303 299 4372 ⁴)
319 4301 396 4357 Pind,
422 4301 500 4356 Nem.
525 4302 577 4356 Vll
607 4308 628 4357 l.
666 4298 848 4354 Wilamowitz
873 4296 948 4366 Isyll.
977 4301 1015 4348 lb.
1044 4297 1101 4348 186.
1136 4290 1231 4343 Maces
1258 4285 1293 4338 de
1313 4284 1412 4364 Aeacii.

208 4389 302 4459 Suppl.
321 4389 376 4443 ind.
396 4390 482 4447 schol.
503 4389 612 4457 1890l91
634 4388 738 4459 Gryph.
756 4386 818 4443 XII.
843 4383 943 4439 Zosim.
963 4382 989 4435 11
1009 4388 1033 4447 5,
1052 4385 1077 4446 1,
1096 4385 1162 4433 bor.
1190 4376 1246 4430 Sib.
1265 4388 1307 4429 rr.
1327 4378 1412 4438 8sqq.

226 4474 228 4485 ³
278 4481 301 4541 ὓ)
320 4476 400 4532 Pind.
420 4475 461 4531 Ol.
481 4477 519 4531 VI
538 4483 570 4529 41
585 4492 624 4544 sq.
646 4477 687 4550 Tqi
706 4478 764 4548 μὲν
784 4471 1004 4546 ὁΧροσοκόμας
1026 4463 1191 4540 σριιομοιὶν
1210 4460 1232 4517 ι’
1252 4462 1413 4515 Ἐλείθυιαν

208 4571 385 4638 παρέστασέν
405 4584 432 4619 τε
453 4571 575 4642 Μοίρας.
