2940 5026
553 189 768 261 ..9γέ

330 390 404 454 'ldae
424 390 454 442 ἐν
473 396 605 457 κνημοῖσι
626 385 680 440 θεὰ
701 389 792 457 βροτῷ
813 389 978 452 εὐνηθεῖσα,

53 497 192 563 Pindar.
224 495 322 577 Pyth.
350 493 401 558 IX
434 493 473 557 15
511 491 685 575 (κλεενναῖς
724 495 757 557 ἐν
788 493 940 579 πτυχαῖς)
971 493 1134 559 Theocrit.
1167 490 1259 582 [XX]

53 605 98 669 38
124 621 172 682 sq.

144 723 254 788 Locus
282 720 419 786 Pindari
447 721 496 786 Ol.
529 720 582 785 ΠΙ
616 722 655 786 27
689 721 816 786 ἐλθόντ’
851 720 1024 807 Ἀρκαδίας
1055 720 1118 786 αἰιό
1151 726 1261 805 δειρᾶν

53 831 112 894 καὶ
149 827 403 912 πολυγνάμπτων
434 832 549 911 μυχῶν
582 843 646 889 110ss
682 842 755 890 cum
785 827 841 889 ΑΥ.
871 827 933 892 Αν.
964 828 1028 891 740
1059 826 1200 891 νάπαισά
1226 854 1260 892 τε

53 936 255 1020 καραφαῑσιί
278 932 306 997 τ’
324 936 356 997 ἐι
381 930 502 1016 άριιάις
521 929 762 1012 comparandus
786 931 845 995 sed
869 930 977 1011 potius
1001 949 1072 996 cum
1090 930 1261 996 Claudiani

54 1039 126 1124 (HI
149 1055 238 1104 cons.
263 1036 387 1101 Honor.
411 1035 468 1120 47)
493 1035 619 1102 verbis:

337 1155 482 1223 planitiem
502 1172 590 1220 cursu
608 1156 695 1211 valles
714 1163 743 1210 et
762 1172 882 1211 concava
900 1156 981 1211 saltu.

56 1264 98 1328 V.
123 1262 224 1327 etiam
248 1260 448 1344 Hesychium
472 1262 527 1342 qui
554 1282 579 1328 s.
604 1283 635 1330 v.
661 1264 813 1346 δειράδας
835 1264 1000 1330 notionem
1023 1264 1107 1348 ιάιιη
1132 1263 1260 1349 φάραγξ

60 1367 225 1451 agnoscit,
265 1366 325 1431 sed
360 1405 400 1413 -
436 1367 465 1432 si
499 1374 665 1435 vetustam
700 1369 966 1435 consuetudinem
1002 1373 1148 1451 epactae,
1187 1387 1260 1450 per·

63 1490 175 1554 peram
190 1471 372 1537 —formae
397 1473 504 1557 δειράς
526 1473 635 1540 inesse
658 1473 835 1541 contendit.
874 1474 986 1539 Habes
1008 1474 1070 1539 hoc
1092 1474 1162 1539 lodo
1186 1492 1260 1540 con-

63 1575 195 1641 fusionis
217 1575 305 1642 illius
333 1578 533 1661 exemplum,
565 1598 630 1661 qna
661 1579 861 1645 recentiores
869 1579 895 1665 ¹)
926 1578 1055 1644 demum
1086 1583 1204 1660 poetae
1228 1583 1262 1642 et

56 1681 265 1764 grammatici
290 1681 384 1767 (Hes.
409 1702 434 1748 s.
458 1703 513 1750 vv.
538 1685 616 1769 δέρα
640 1684 785 1770 δειράδες
817 1683 983 1770 δειράδας)
1015 1683 1175 1751 vocabula
1199 1682 1260 1749 ori-
1293 1696 1301 1708 ‘

55 1789 135 1872 gine
170 1795 205 1854 et
239 1789 476 1872 significatione
511 1789 734 1859 diversissima
768 1789 855 1853 inter
891 1807 927 1853 se
958 1795 1147 1870 permutare
1178 1789 1260 1854 sole·

55 1896 154 1975 bant,
185 1894 298 1975 procul
323 1894 419 1961 dnbio
442 1895 620 1964 formarum
649 1895 861 1962 similitudine
883 1895 917 1960 in
941 1895 1017 1962 avia
1040 1894 1151 1975 ablati,
1176 1913 1261 1974 quae

55 1999 112 2067 vel
136 2005 252 2064 nostra
275 2000 430 2065 memoria
454 2005 637 2084 etymorum
660 2000 897 2067 scrutatoribus
921 2000 1036 2065 offecit.

147 2125 178 2188 3.
203 2121 282 2205 ἐρέω
304 2151 326 2175 =
350 2121 480 2206 εἴρομαι
503 2123 590 2203 quod
613 2143 634 2189 a
655 2126 755 2209 faba
784 2142 918 2205 prorsus
942 2122 1162 2205 separandum
1185 2141 1260 2188 con-

55 2226 162 2311 stat2)
198 2245 256 2307 pro
288 2228 385 2324 ἔρι’[ω
417 2246 490 2293 esse
524 2233 727 2310 compertum
756 2229 914 2294 habemus
945 2228 1070 2309 aliquot
1098 2226 1209 2293 formis
1241 2247 1261 2292 a

55 2331 282 2414 grammaticis
321 2332 516 2418 enotatis23)
559 2333 642 2398 aeol.
681 2333 831 2419 ἐρεάω;*)
876 2354 916 2399 ex
954 2334 1119 2417 Hesychio
1162 2333 1259 2417 ἔριαε·

56 2435 191 2519 {parim
223 2437 389 2520 ἑξερεάειν·
426 2440 617 2523 ἑξερευνεῖν,·
659 2441 819 2524 ditiorum·
855 2440 1049 2527 ἐξηρεύνηκα
1080 2437 1259 2524 (adoperiam

56 2534 164 2623 eod.);
189 2539 373 2625 ἐρεύσομεν·
399 2542 597 2629 (primaten,-
624 2544 745 2628 ἔρεσαι·
770 2545 885 2630 ἐρεύνα
908 2545 928 2610 i.
953 2565 981 2612 e.
1006 2543 1180 2630 ὲ’ρευσαι.5)

147 2662 198 2727 De
221 2669 331 2746 etymo
356 2664 395 2730 cf.
421 2665 537 2748 Bugge
561 2665 643 2751 (KZ.
667 2665 734 2731 XX
757 2666 792 2751 9)
824 2665 879 2747 qui
903 2672 968 2733 vet.
993 2670 1152 2748 septentr.
1176 2685 1259 2730 ναιιιι

56 2767 265 2856 comparavit
294 2768 379 2853 (rad.
403 2791 495 2852 mero,
524 2770 649 2857 reu);⁶)
682 2777 773 2836 errat
795 2771 986 2854 Brugmann
1011 2769 1100 2856 (MU.
1124 2770 1159 2835 II
1185 2769 1261 2854 188)

56 2872 100 2938 de
125 2873 238 2959 ἔρευνα
261 2872 295 2958 (i.
320 2892 348 2938 e.
374 2875 502 2959 ἔριά-να
526 2895 551 2940 S.
577 2878 727 2960 ipen-vm
755 2876 794 2942 ef.
821 2877 1000 2961 ripas-eoba)
1024 2876 1205 2957 disputans.

133 3104 153 3169 ¹)
171 3099 254 3154 Haud
272 3099 453 3168 improbabile
472 3101 605 3168 estquod
630 3102 796 3169 interpretes
815 3101 1005 3170 auspicantur,
1024 3101 1080 3154 iam
1099 3099 1261 3169 Sophoclem

57 3190 87 3243 in
107 3187 290 3255 descriptione
308 3186 415 3242 Niobae
433 3186 572 3242 simulacri
591 3190 685 3257 Antig.
698 3194 750 3243 830
768 3197 864 3261 τέγγει
884 3189 909 3242 δ’
929 3189 976 3243 ὑπ’
996 3190 1101 3262 ὀφρύσι
1115 3192 1261 3259 παγκλαύ-

58 3296 122 3335 ιοις
142 3275 276 3348 δειράδας
295 3274 346 3327 hoo
365 3274 454 3341 ipsum
474 3275 638 3329 vocabulum
657 3292 713 3330 non
732 3277 791 3332 aine
810 3279 935 3333 acumine
954 3292 987 3332 eo
1005 3276 1118 3331 coasilio
1138 3275 1262 3344 elegisse,

56 3370 90 3417 nt
109 3364 190 3417 simul
209 3357 380 3417 auditoribus
400 3379 498 3418 nomen
518 3364 594 3434 δειρι)
615 3387 649 3412 =
670 3365 735 3439 δέρι
760 3365 789 3420 in
812 3373 931 3421 mentem
956 3373 1068 3420 vocaret
1091 3365 1185 3432 itaque
1209 3366 1262 3421 vivi

57 3449 165 3504 diorem
184 3447 289 3516 figurae
311 3449 478 3504 hnmanae
497 3454 526 3503 in
544 3465 657 3504 saxum
684 3466 781 3506 versae
803 3453 950 3519 imaginem
977 3452 1075 3507 animis
1093 3452 1263 3519 imprimeret

57 3538 104 3607 (cf.
119 3538 212 3604 Antig.
229 3543 280 3590 528
292 3540 368 3605 eqo).
396 3537 488 3591 Etiam
508 3540 615 3612 δᾳράσι
629 3539 787 3607 ambiguum
807 3546 857 3610 eet,
876 3540 949 3609 quod
968 3550 996 3595 et
1013 3539 1136 3608 corporis
1154 3548 1261 3606 partem

57 3636 87 3682 et
106 3625 204 3678 collem
223 3626 264 3680 rel
282 3626 370 3680 simile
389 3626 455 3694 quid
479 3627 593 3682 indicat.
630 3628 703 3682 Cave
722 3632 815 3683 tamen
841 3646 875 3683 ne
900 3644 933 3683 ex
959 3629 1001 3683 his
1026 3637 1125 3696 poetae
1144 3627 1262 3695 argutiis

57 3714 205 3783 quiequam
225 3712 258 3767 de
278 3730 343 3767 vera
360 3714 433 3769 vocis
453 3715 551 3789 δειράς
571 3717 682 3770 notione
701 3716 814 3772 efficias.

132 3807 154 3867 ¹)
173 3798 321 3856 Hoffmann
341 3801 452 3868 Quaest.
472 3803 545 3856 hom.
565 3803 644 3856 1148
663 3820 702 3871 aq.

131 3895 154 3953 ε)
172 3888 283 3944 Lobeck
295 3889 393 3946 Rham.
407 3895 458 3942 200
477 3891 523 3957 qui
542 3888 633 3943 aliena
646 3890 832 3957 compararim
850 3888 1131 3943 AhreneDiall.186
1151 3891 1207 3942 not.
1222 3893 1261 3941 11.

132 3976 411 4044 4)Ν11111ΕΜ.371,
436 3984 465 4031 li
493 3979 589 4050 ἐρεύω·
615 3977 675 4032 άπὸ
699 3978 748 4031 τοῦ
774 3979 843 4051 ἐρῶ,
869 3980 901 4030 τὸ
926 3980 1015 4047 λέγω,
1040 3983 1151 4047 γίνεται
1176 3978 1263 4044 {perior

56 4066 199 4132 integrum
217 4067 262 4132 sit,
281 4064 419 4120 dubitatio
431 4064 506 4120 subit
524 4074 638 4133 propter
651 4064 774 4121 additam
795 4064 1014 4130 explicationem.
1043 4064 1134 4118 Possis
1153 4069 1264 4118 tentare

59 4156 160 4224 εάέρω·
184 4183 213 4191 -—
233 4160 344 4224 γίνεται
365 4157 452 4223 adepto
471 4153 575 4209 collato
593 4154 657 4208 Hes.
678 4156 787 4226 εάεὶρω·
808 4158 888 4208 εἴπω.

133 4240 154 4308 ⁶)
172 4238 207 4294 oi.
227 4239 324 4295 Kaibel
344 4258 384 4296 nr.
405 4246 464 4309 elo,
484 4246 499 4293 3
517 4243 604 4315 Ἑρμῇ
624 4242 650 4294 δ’
670 4241 713 4295 ἐπ’
731 4243 838 4312 ἄλειψα
854 4247 977 4311 pennam
997 4240 1073 4294 cuius
1091 4239 1152 4293 loco
1172 4255 1264 4294 versus

54 4330 206 4400 χεύσομαι
226 4327 357 4394 postulat.

132 4416 155 4480 ⁶)
175 4415 218 4469 nd
238 4418 400 4490 ἐειρόιιινος
425 4423 492 4472 cert.
520 4417 598 4470 llom.
623 4425 652 4470 et
676 4416 739 4470 Hes.
762 4420 809 4468 185
835 4413 870 4468 cl.
889 4413 1021 4481 figmenta
1040 4415 1172 4480 ἐέδμειαι
1202 4418 1265 4466 efo-

56 4523 152 4574 χαιος
172 4502 284 4557 Curtius
304 4501 400 4556 Grdz.⁶
419 4507 478 4555 580.

118 4599 257 4648 Bebnlze,
270 4599 422 4648 emerium
436 4599 519 4647 opicae.
1071 4590 1089 4652 'I
