2940 5026
559 208 774 281 „33„

149 403 310 469 Omnibus
351 404 509 485 exemplis
546 405 717 472 recensitis
753 407 818 472 iam
853 409 1067 476 confidentius
1102 411 1264 478 affirmare

58 509 139 575 licet
171 508 322 594 δυσαήων
351 508 386 574 in
421 528 543 591 graeca
570 509 685 593 lingua
714 530 779 576 non
809 513 931 579 habere
962 516 1048 595 quod
1078 516 1130 582 sui
1160 516 1264 583 simile

59 613 117 695 sit;
151 632 250 694 quam
273 614 314 678 ob
337 631 470 679 causam
493 614 642 694 poeticae
664 614 816 681 licentiae
845 616 1078 700 assignandum
1102 619 1173 701 erit,
1199 639 1264 700 qua

59 736 140 784 usus
165 718 265 784 etiam
288 718 526 799 Aristophanes
547 720 805 800 comparativum
829 726 1146 810 καταπυγωνέστερον
1168 724 1266 807 Lysi·⁴

58 828 157 888 strat.
182 825 247 887 ’116
276 830 381 889 metro
412 823 560 889 serviens
583 824 617 889 in
639 826 965 910 καταπυγωνέστερον
987 828 1136 909 mutavit,
1162 828 1262 894 nomi·

58 927 167 994 nativi
190 955 216 992 αν
238 927 271 992 in
294 926 461 1009 legitimae
485 927 608 993 vocalis
633 930 777 996 ciocum
801 932 1022 1017 substituto.¹)

150 1047 358 1128 Frequentet
387 1049 551 1114 Homerus
580 1049 613 1113 in
645 1049 878 1130 compositione
909 1051 1057 1118 voculam
1089 1056 1140 1118 ὲα-
1172 1052 1262 1118 cuius

61 1152 210 1220 vocalem
233 1152 392 1218 initialem
415 1152 566 1235 producit
588 1152 717 1218 nonnisi
738 1153 772 1219 in
795 1154 864 1219 his:

154 1271 292 1358 ἠΰκομος
316 1273 441 1359 (multis
464 1274 568 1359 locis).

156 1378 312 1463 ἠυγένειος
338 1383 365 1445 0
388 1380 461 1445 215.
487 1380 599 1444 Ρ109.
623 1382 742 1442 ,1318
769 1383 883 1446 14116.
908 1382 938 1445 h.
955 1383 985 1446 1.
1009 1383 1127 1448 XVHI
1151 1387 1193 1449 39
1213 1404 1261 1464 sq.

160 1479 287 1568 ηὐγένης
309 1484 340 1547 h.
364 1483 395 1547 ll.
420 1483 501 1548 Vell.
526 1486 578 1548 94.

156 1585 357 1671 ἠυθέμεθλον
378 1588 409 1652 h.
434 1587 464 1651 h.
488 1586 605 1652 XXIX
633 1592 660 1653 1.

152 1709 369 1796 ἠντάτειραῖ)
413 1716 444 1774 Ζ
485 1712 547 1775 292
590 1711 643 1776 all.
687 1713 773 1792 quod
815 1731 856 1777 ex
902 1713 1057 1779 librorum
1098 1714 1262 1797 scriptura

61 1814 256 1902 εὐπατέρεια
290 1853 330 1861 -
362 1834 459 1896 quain
494 1834 575 1882 eave
611 1817 735 1884 tuearis
771 1816 880 1883 allatis
915 1821 1194 1903 κυανοπρωρειόυς
1228 1828 1263 1886 et

60 1920 263 2007 siccidam)
295 1939 379 2000 quae
403 1939 475 1985 cum
507 1918 698 2007 εὐπατέρεια
722 1922 845 2003 passim
868 1929 1105 2004 componuntur
1129 1926 1262 1992 voluta

60 2030 250 2094 Duentaero
282 2026 363 2110 (KZ.
392 2026 460 2090 XII
492 2027 526 2111 8)
559 2065 598 2072 —
626 2025 796 2093 verIssime
827 2026 938 2092 elicuit
967 2027 1036 2092 Leo
1067 2029 1182 2111 Meyer
1212 2029 1262 2114 (ΙΙ

59 2133 150 2218 342).
200 2162 218 2217 νγ
251 2132 396 2197 vocalem
427 2130 581 2197 adiectivi
604 2129 680 2215 η’ύς,
711 2149 796 2210 quae
819 2131 983 2211 plerisque
1011 2132 1090 2196 locis
1120 2133 1152 2198 in
1176 2133 1262 2199 thesi

58 2237 184 2318 legitur
206 2241 240 2300 Π
256 2238 330 2300 464.
356 2238 430 2301 653.
454 2241 485 2300 Β
500 2237 574 2301 653.
600 2235 784 2315 Γ161111.,
810 2235 922 2315 utique
945 2255 964 2300 e
986 2235 1119 2318 linguae
1135 2236 1261 2319 legibus
1366 2240 1368 2245 '

60 2341 290 2422 explicandam
314 2359 387 2406 esse
411 2341 452 2405 H.
477 2340 592 2406 Collitz
616 2340 669 2420 qui
693 2358 799 2421 nuper
827 2339 908 2425 (KZ.
933 2341 1066 2406 XXVII
1092 2343 1153 2406 183
1176 2344 1261 2428 sqq.)

60 2446 285 2527 quaestionem
317 2447 357 2511 de
395 2447 490 2511 huius
522 2445 610 2512 vocis
642 2444 821 2525 veriloquio
856 2444 969 2527 attigit
1003 2452 1117 2511 contra
1152 2447 1261 2513 Kueh-

59 2570 176 2617 nerum
211 2550 257 2636 (Ι2
291 2554 361 2616 138.
401 2550 420 2636 ξ
451 2553 510 2632 38,
542 2554 562 2616 t
594 2551 728 2635 111112)
761 2550 832 2616 iure
867 2569 924 2615 suo
959 2550 1099 2632 monuit,
1134 2552 1167 2616 in
1201 2554 1262 2618 hoc

59 2665 171 2721 tamen
196 2674 310 2721 errans
335 2657 421 2736 quod
453 2684 466 2721 ε
497 2676 538 2721 ex
570 2685 587 2740 ρ
619 2663 697 2721 ante
725 2685 743 2721 α
774 2657 920 2723 vocalem
951 2661 1158 2722 attenuatum
1189 2676 1261 2722 esse

59 2760 238 2825 contendit.
282 2759 387 2825 Huius
410 2759 458 2824 rei
482 2778 566 2840 quae
590 2760 740 2840 exempla
763 2758 875 2824 attulit
902 2779 932 2840 p.
960 2762 1020 2824 181
1046 2759 1142 2842 longe
1166 2760 1262 2826 aliter

59 2870 252 2946 comparata
287 2869 377 2929 sunt:
410 2883 485 2929 nam
517 2864 605 2929 aliud
636 2872 687 2931 est
719 2864 876 2950 ἠ1>ὲΰ
907 2884 991 2945 quae
1026 2864 1156 2932 vocales
1186 2865 1261 2930 olim

58 2988 204 3035 consona
242 2969 423 3050 diremptae
462 2970 633 3051 permultis
670 2970 783 3055 locis⁴)
825 2970 914 3051 apud
959 2971 1137 3035 Homerum
1179 2970 1261 3035 duas

58 3073 202 3140 efficiunt
226 3074 381 3158 syllabas,
406 3075 496 3140 uliud
519 3091 558 3157 ῆῖ)
582 3103 614 3130 >
638 3090 673 3139 Iu
695 3074 728 3140 in
752 3075 926 3157 βασιλεύς,
959 3075 1053 3152 Ζεύς.
1079 3078 1260 3161 λειτουργία

131 3323 152 3390 ¹)
171 3320 284 3374 Lobeck
311 3318 347 3374 ad
374 3319 477 3389 Phryu.
508 3325 564 3374 195.
608 3319 636 3373 Si
663 3334 733 3388 quae
762 3319 844 3374 huius
874 3318 981 3374 formae
1009 3318 1083 3389 apud
1114 3320 1261 3386 scriptores

57 3409 200 3478 pedestres
225 3407 326 3462 similes
353 3407 485 3475 leguntur
517 3438 549 3446 -
580 3407 656 3461 velut
679 3407 790 3462 dellani
816 3409 1028 3470 α’)αζωνέστατα
1051 3422 1068 3461 1
1093 3406 1125 3464 G.
1149 3406 1261 3477 Meyero

58 3505 88 3551 ut
116 3497 264 3565 genuInum
294 3495 409 3551 allatum
436 3525 466 3534 -
493 3497 581 3551 errori
608 3495 784 3550 librariorum
813 3494 965 3549 tribuerim.
1001 3494 1072 3549 Nam
1095 3496 1123 3549 iu
1148 3514 1162 3548 o
1185 3501 1214 3549 et
1239 3517 1260 3549 ω
1334 3494 1337 3500 “

58 3592 187 3639 accurate
207 3582 407 3651 distinguendis
427 3598 460 3637 ne
485 3583 645 3639 recentioris
670 3583 779 3652 quidem
803 3584 863 3637 aevi
886 3583 989 3650 titulis,
1015 3581 1115 3636 nedum
1140 3580 1261 3636 librariis

56 3671 114 3727 ulla
133 3670 202 3726 fides
221 3680 270 3725 est.

129 3780 148 3846 ¹)
168 3776 322 3831 Menander
341 3775 420 3844 irgm.
441 3784 492 3830 616
512 3777 552 3830 lll
573 3782 621 3830 185

336 3869 370 3918 Ἡ
388 3863 412 3917 δ’
432 3866 592 3936 ednrirarpu
610 3869 766 3936 ψλογέλως
787 3885 814 3919 re
835 3869 981 3938 παρθένος

337 3960 409 4018 Νίκα
429 3952 497 4022 μεθ’
515 3955 598 4023 νῑμών
618 3953 739 4023 εὐμενὴς
760 3952 851 4007 ἕποντ’
869 3955 917 4007 τίεί

55 4057 122 4108 quos
141 4054 235 4095 versus
254 4038 411 4094 adservavit
429 4039 578 4094 scholiasta
598 4038 728 4093 Aristidis
749 4039 796 4106 qui
814 4036 892 4092 addit
912 4041 986 4106 λέγει
1007 4037 1036 4091 ot
1059 4034 1108 4104 adr
1128 4039 1259 4104 Ἀθηνᾶν.

56 4127 183 4182 lleineke
211 4142 307 4185 comm.
335 4127 373 4180 1v
406 4142 432 4195 p.
461 4132 512 4181 282
544 4124 592 4195 (ad
621 4125 656 4179 ir.
677 4128 750 4192 218),
779 4127 825 4192 qui
853 4123 991 4191 intellegit
1018 4129 1109 4190 Νίκην
1136 4127 1260 4191 Ἀθηνᾶν

54 4232 71 4271 1
90 4214 227 4282 Sophocle
246 4214 363 4271 Philoct.
385 4219 433 4268 131
453 4223 642 4281 memoratam,
667 4211 775 4267 confert
795 4212 840 4265 Et.
860 4210 930 4267 Gud.
950 4218 1016 4280 220,
1037 4218 1048 4264 1
1077 4214 1258 4286 Ειῐτιαὲτειραι

55 4302 102 4356 διὰ
124 4304 172 4368 τῆς
193 4323 218 4356 ει
238 4303 402 4373 διᾳπθόγγου
423 4303 459 4371 τῷ
479 4303 552 4374 λόγῳ
573 4302 628 4355 τῶν
648 4298 695 4352 διὰ
716 4301 767 4353 τοῦ
787 4319 858 4373 sapit,
877 4300 989 4354 Lobeck
1009 4299 1101 4353 Parul.
1120 4305 1180 4354 214.

126 4409 148 4472 ⁸)
168 4421 193 4458 v.
212 4406 376 4472 epimetrum
396 4406 417 4459 1,

126 4515 147 4566 ‘l
167 4511 273 4565 Sebero
293 4509 361 4564 duce
380 4526 444 4564 usus
464 4511 562 4564 (1111111
577 4526 630 4564 uno
642 4518 752 4567 tanturn
765 4511 825 4566 loco
844 4518 927 4567 rtet
945 4512 1105 4567 adverbium
1119 4512 1149 4564 ἐν’
1163 4518 1258 4564 extare

107 4608 244 4657 seuerae,
259 4608 409 4655 Quaestiones
425 4609 508 4655 opicae
1064 4604 1084 4665 3
