2956 5018
551 201 786 263 -393-

65 387 347 471 interpretationis
382 388 463 455 vitia
491 389 524 452 in
554 388 696 452 Homero
720 386 950 451 commiserunt
973 391 1103 451 veteres
1136 421 1175 430 -
1203 403 1264 449 nec

66 493 173 576 magis
194 492 311 559 mirum
335 493 422 573 quod
451 491 646 573 parodorum
677 509 766 556 more
797 527 836 535 -
868 488 1081 569 adscripsisse
1108 487 1190 553 satis
1213 493 1264 553 est

67 598 204 663 Homeri
216 597 448 682 υιφεληγερέιιι
465 615 486 660 a
501 593 634 660 Cratino
648 593 683 658 in
698 593 937 679 κεφαληγερέυυ
954 591 1118 657 detortum
1135 627 1175 635 —
1192 589 1265 655 voci

67 700 252 766 homericae
286 718 358 765 cum
392 696 621 764 terminatione
651 701 784 763 vetusta
818 695 941 776 epicam
976 692 1174 776 gravitatem
1209 692 1263 757 de·

68 804 173 870 traxit
199 822 335 883 eamque
366 801 493 884 volgari
519 799 703 866 declinandi
733 797 958 865 consuetudini
988 796 1264 862 accommodatam

67 927 164 974 socco
208 907 352 973 comoedi
397 906 540 988 aptavit:
587 904 793 970 audientibus
842 903 896 983 qui
942 903 1118 967 Homerum
1164 901 1264 981 probe

67 1009 234 1093 cognitum
256 1009 409 1074 habuisse
432 1007 570 1089 putandi
585 1013 662 1072 sunt
683 1006 784 1072 risum
800 1005 949 1073 movisse
962 1004 1099 1070 sormam
1113 1002 1264 1068 fictitiam

68 1133 153 1196 quae
169 1117 243 1179 erut
256 1113 299 1178 ad
316 1113 498 1193 exemplum
514 1110 705 1177 Chimaerae
723 1109 814 1175 iacta
830 1147 869 1157 —
886 1109 990 1190 prima
1010 1108 1071 1188 leo,
1098 1113 1265 1188 postrema

66 1218 168 1282 draco
193 1253 232 1262 -
256 1215 404 1281 conicere
425 1215 536 1280 licebit
558 1213 641 1279 citra
664 1213 821 1279 audaciae
845 1213 897 1279 vel
914 1211 1110 1278 temeritatis
1132 1210 1263 1277 emman.

66 1320 157 1386 Nihil
178 1319 279 1402 igitur
300 1319 366 1384 iam
388 1318 585 1384 morabimur
607 1319 732 1382 κέκλυκε
755 1316 942 1397 Epicharmi
972 1334 1083 1381 errore
1113 1314 1208 1380 simul
1231 1321 1266 1379 et

66 1424 139 1489 ioco
161 1429 274 1488 natum
297 1427 397 1503 atque
420 1423 553 1488 Homeri
584 1423 711 1488 κέκλυθι
739 1422 866 1486 κέκλυτε
896 1438 992 1486 veros
1023 1418 1163 1484 aoristos
1191 1436 1264 1483 esse

67 1545 243 1609 pergemus
273 1525 470 1592 existimare.
516 1527 692 1593 Videamus
722 1545 808 1592 nunc
846 1525 886 1590 de
924 1524 971 1590 eis
1006 1523 1061 1603 qui
1098 1523 1139 1588 de
1169 1522 1263 1588 redu·

68 1628 181 1711 plicati
218 1628 332 1695 aoristi
368 1629 480 1695 iormis
522 1631 760 1713 cogitaverunt.
817 1630 920 1712 Quem
957 1627 1037 1693 nihil
1079 1626 1270 1706 discrepare

68 1731 104 1797 vi
133 1736 233 1811 atque
262 1731 395 1797 notione
425 1733 466 1797 ab
500 1732 622 1799 aoristo
645 1733 788 1800 secundo
819 1753 885 1798 non
914 1731 1117 1813 reduplicato
1139 1735 1263 1796 certum

69 1840 123 1899 est
145 1872 185 1880 —
209 1833 272 1899 nisi
301 1833 386 1900 forte
408 1835 463 1899 ille
487 1836 670 1918 adsumpsit
696 1837 762 1903 vim
784 1836 982 1914 iactitivam,
1012 1834 1086 1900 huic
1108 1833 1266 1900 remansit

69 1936 244 2019 primarius
281 1937 400 2003 radicis
433 1938 619 2005 intellectus
652 1939 881 2006 intransitivus
916 1939 1066 2023 (έλαθυυε
1102 1937 1263 2021 λέλυθυυ).

69 2042 118 2107 At
140 2060 335 2122 quamquam
357 2044 483 2108 κέκλυθι
508 2049 543 2108 et
561 2049 654 2109 κλῦθι
678 2044 804 2125 pariter
826 2047 1002 2109 servarunt
1022 2041 1263 2107 intransitivum

68 2144 190 2211 radicis
220 2144 302 2225 vim,
333 2152 443 2211 tamen
474 2147 733 2226 expectationem
764 2148 805 2212 de
835 2144 975 2211 notionis
1008 2143 1209 2225 aequalitate
1238 2143 1265 2208 si

69 2253 113 2318 ad
143 2251 254 2317 vivum
284 2251 465 2317 resecueris
496 2250 645 2331 exempla
667 2250 792 2315 fallent.
838 2250 920 2314 Nam
951 2255 988 2313 ut
1016 2246 1128 2313 Faesii
1155 2246 1264 2314 verbis

69 2355 114 2420 ad
151 2357 181 2421 Θ
213 2357 276 2420 497
317 2355 491 2437 adscriptis
532 2359 608 2420 utar
644 2354 737 2420 ‘nach
779 2353 841 2419 den
880 2352 1157 2433 Beobacbtungen
1200 2370 1263 2416 von

70 2457 111 2522 G.
151 2457 282 2525 Curtius
320 2457 452 2524 werden
495 2458 548 2524 die
585 2457 817 2539 reduplicirten
858 2457 933 2537 imp.
972 2457 1100 2520 κέκλυθι
1138 2456 1264 2519 κέκλυτε

69 2560 185 2628 immer
214 2580 286 2626 zum
317 2561 490 2626 Ausdruck
525 2562 583 2627 des
613 2560 838 2643 Energischen
867 2560 934 2626 und
963 2558 1175 2641 Dringenden
1210 2577 1264 2640 ge-

69 2666 225 2746 braucbt,
261 2666 411 2747 dagegen
445 2671 541 2730 κλῦθι
573 2671 664 2730 κλῦιι
698 2665 750 2730 bei
783 2663 966 2729 feierlicher
1000 2662 1174 2744 Aurusung
1207 2662 1266 2726 der

70 2768 192 2833 Gdtter
206 2768 272 2834 und
296 2773 389 2834 sonst
411 2768 462 2833 bei
478 2768 611 2851 nubiger
634 2774 762 2834 ernster
778 2766 1038 2849 Aufforderung'.
1068 2767 1105 2830 In
1131 2765 1265 2830 deorum

69 2871 279 2938 invocatione
315 2872 478 2936 Homerus
516 2891 644 2953 semper
685 2871 768 2936 dixit
803 2875 897 2935 κλῦθι
937 2888 1096 2950 nusquam
1137 2870 1264 2933 κέκλυθι

70 2993 136 3043 uno
171 2981 308 3057 excepto
342 2976 412 3040 loco
444 2981 477 3039 1(
506 2978 570 3041 284
604 2994 697 3056 quem
731 2974 841 3057 paullo
875 2973 972 3040 aliter
1006 2980 1105 3054 atque
1138 2978 1265 3038 ceteros

70 3095 184 3141 omnes
208 3082 431 3157 comparatum
455 3096 527 3142 esse
550 3095 626 3141 mox
648 3075 843 3156 videbimus3
874 3075 959 3155 quod
981 3075 1060 3140 licet
1081 3075 1159 3142 Jovi
1184 3079 1214 3142 Θ
1237 3080 1267 3141 5,

77 3186 106 3245 T
127 3182 186 3244 101
210 3178 411 3244 immortales
435 3177 642 3259 compellanti

293 3294 406 3344 κέκλυτέ
423 3310 488 3359 μευ,
510 3292 615 3349 πάντες
637 3309 664 3343 ιε
683 3296 747 3343 θεοὶ
769 3291 861 3341 πᾶσαί
881 3308 908 3341 ιε
928 3296 1045 3343 θέαιναι

72 3386 126 3453 vel
151 3385 275 3451 iunoni
297 3387 328 3450 h.
345 3387 375 3451 h.
392 3385 498 3466 Apoll.
523 3388 587 3450 334
612 3384 774 3450 Tellurem
798 3385 930 3450 Caelum
954 3385 1089 3451 Titanes
1117 3385 1267 3466 precibus

71 3489 228 3554 ambienti

170 3605 283 3655 κέκλυτε
303 3604 353 3655 νῦν
372 3622 423 3672 μοι
442 3601 535 3668 (immo
553 3603 620 3671 μευ)
641 3605 707 3654 Γαῖα
727 3605 772 3652 καὶ
795 3599 923 3672 Οὐρανὸς
943 3599 1024 3672 εὐρὺς
1045 3597 1170 3670 ὕπερθεν

71 3715 137 3761 non
161 3697 308 3777 permisit
322 3702 421 3778 poeta
436 3698 556 3763 homini
572 3698 666 3763 deum
682 3695 779 3761 fidem
795 3695 944 3777 quamvis
959 3697 1055 3763 anxie
1070 3695 1266 3778 imploranti.

71 3798 159 3864 Casu
174 3799 207 3864 in
231 3799 280 3864 his
296 3799 543 3881 grammaticum
565 3797 725 3865 ludificari
748 3797 804 3864 vix
819 3796 978 3879 intendes,
1003 3798 1103 3863 semel
1126 3796 1267 3862 monitus

71 3902 160 3982 apud
192 3902 389 3982 posteriores
417 3922 553 3984 quorum
577 3901 791 3968 elocutionem
814 3919 879 3966 non
902 3906 970 3966 tam
1000 3901 1114 3967 nativa
1144 3901 1267 3968 vetusti

71 4005 230 4071 sermonis
260 4005 485 4090 intellegentia
517 4025 613 4087 quam
648 4005 715 4071 fors
745 4005 932 4070 moderetur
961 4005 1027 4088 legi
1057 4005 1148 4070 cuius
1179 4005 1267 4086 apud

71 4110 250 4175 Homerum
274 4109 382 4175 desint
404 4111 562 4192 exempla.
609 4112 736 4175 κέκλυθι
761 4108 860 4193 ἀγλαὲ
883 4114 951 4173 Ζεῦ
978 4107 1039 4173 sibi
1060 4107 1268 4175 indulserunt

71 4213 205 4295 Orphici
221 4212 275 4297 (ir.
293 4214 366 4294 235,
386 4217 400 4277 1
420 4231 487 4293 sqq.
512 4213 608 4298 Abel)
626 4212 680 4292 qui
696 4212 777 4277 alias
793 4217 884 4277 κλῦθι
906 4210 1126 4293 frequentant,
1150 4211 1267 4279 similia

71 4317 208 4382 Proclus
233 4319 277 4394 εἰς
294 4315 409 4382 Ἥλιον
431 4318 461 4382 ὁ.
484 4320 536 4382 35.
567 4320 610 4395 εἰς
626 4315 825 4403 Ἀφροδίτην
851 4319 899 4381 19.
925 4312 982 4403 [εἰς
1005 4315 1098 4395 θεούς
1124 4314 1187 4405 14.]
1223 4320 1267 4394 εἰς

72 4418 219 4507 Ἀθηνᾶν
242 4421 421 4506 πολύμητιν
443 4424 473 4485 5.
496 4424 547 4486 bl.
