2940 5026
610 222 802 285 ..3-

104 430 175 477 rnm
200 428 278 476 usus
302 409 455 475 metricus
479 427 520 474 ex
542 409 582 473 iis
606 408 736 489 pendet,
762 406 918 487 hispanus
942 413 1049 488 poeta,
1077 408 1132 488 qui
1155 412 1305 490 quamvis

104 534 172 581 reru
196 514 258 579 sibi
281 530 355 578 esse
377 530 450 581 cum
472 510 695 594 grammaticis
718 509 796 576 alibi
825 517 941 594 neget,
973 511 1006 575 in
1035 511 1097 577 hac
1127 521 1237 580 tamen
1268 535 1306 580 re

103 637 144 683 ne
179 637 199 681 a
232 615 456 698 grammaticis
491 614 621 695 quidem
656 614 855 681 destituitur.
903 615 985 680 Nam
1020 616 1061 680 ab
1096 615 1153 695 illa
1186 637 1305 687 severa

102 721 278 804 prosodiae
305 720 517 788 observantia
548 718 737 786 vetustioris
767 718 843 787 aevi
873 718 985 801 poesin
1013 719 1138 800 epicam
1162 722 1303 790 nondum

101 826 145 892 ad
173 826 236 891 has
267 824 459 891 recentioris
489 822 674 905 elegantiae
703 825 794 906 leges
825 830 975 891 exactam
1005 825 1214 892 abhorruisse
1243 846 1304 893 nec

100 949 161 1012 per
183 949 220 995 se
244 927 519 1010 aprobabilitate
543 930 701 994 absonum
720 935 776 994 est
799 935 832 994 et
860 929 1045 996 confirmari
1067 930 1200 997 videtur
1221 932 1304 997 satis

100 1034 211 1100 mulda
234 1032 401 1114 legitimae
425 1032 620 1113 quantitatis
643 1053 664 1098 a
685 1033 792 1115 poetis
815 1040 962 1101 mutatae
985 1033 1159 1117 exemplis,
1188 1035 1304 1114 quibus

101 1138 177 1203 freti
211 1155 326 1203 omnes
360 1138 429 1202 lere
463 1137 668 1220 grammatici
709 1145 869 1219 quotquot
890 1138 946 1204 de
984 1140 1035 1204 his
1068 1141 1167 1206 rebus
1201 1142 1304 1206 verba

101 1244 251 1307 l'ecerunt
274 1242 345 1308 sive
369 1242 519 1322 exempla
543 1241 654 1307 dedita
678 1261 779 1323 opera
801 1240 1001 1326 'colligentes
1031 1245 1102 1312 sive
1132 1244 1165 1308 in
1196 1252 1302 1309 trans-

102 1364 199 1412 cursu
221 1346 255 1410 in
278 1345 374 1410 huius
396 1345 526 1413 illiusve
549 1345 674 1412 formae
706 1346 924 1428 explicatione
947 1347 991 1413 ad
1013 1347 1178 1413 licentiam
1200 1349 1302 1428 poeti-

106 1470 176 1516 cam
203 1455 433 1531 provocantes,
463 1451 640 1517 Homerum
668 1459 703 1517 et
725 1452 780 1531 qui
806 1450 876 1517 eius
903 1450 1045 1534 vestigia
1070 1450 1185 1532 legunt
1203 1451 1303 1534 sylla-

108 1555 166 1617 bas
188 1571 264 1620 vere
291 1556 411 1620 breves
441 1554 562 1635 passim
593 1555 688 1620 metri
719 1574 819 1621 cansa
849 1555 1042 1637 produxisse
1073 1554 1267 1636 largiuntur.
1277 1558 1302 1639 ¹)

529 1695 656 1760 Θεοφίλα
671 1695 773 1766 χρηστὴ
792 1703 884 1764 χαῖρε.

270 1775 324 1833 ‘',rb'
348 1777 456 1850 «ipsuis
475 1779 614 1852 στέρξασα
634 1786 680 1832 καὶ
701 1780 799 1833 ἔνδικα
818 1784 918 1852 λέκτρα
938 1781 1083 1842 Seruiano,

280 1871 381 1917 Νικίου
400 1865 502 1938 turpari
523 1878 600 1930 παῖς,
620 1869 691 1930 ξένε,
712 1870 859 1937 Θειοφίλα.

170 1954 225 2008 Ubi
245 1958 384 2024 &etoquia
403 1954 528 2009 imitatur
554 1955 691 2021 epicorum
712 1961 869 2023 Oraquerqg
888 1955 976 2012 aimm.
994 1970 1064 2023 quae
1083 1955 1211 2010 tractabo
1229 1955 1303 2012 inira

100 2039 160 2094 libr.
186 2040 222 2094 11.
266 2040 383 2096 Carmen
411 2039 608 2095 dedicatoriam
643 2042 761 2108 „aetatis
790 2040 871 2096 valde
900 2042 1034 2095 recentis‘¹
1059 2042 1131 2097 Paro
1158 2043 1186 2096 iu
1211 2042 1302 2098 insula

101 2136 239 2195 repartum
265 2125 376 2196 (Kaibel
401 2132 463 2193 818)
486 2127 596 2194 scripsit
622 2134 692 2182 teste
716 2145 739 2185 r.
763 2134 796 2181 23
819 2134 938 2194 Νικιέης
963 2119 997 2181 οὗ
1020 2129 1125 2201 πατρὸς
1149 2131 1302 2200 ὁμώνυμος

99 2226 136 2279 (r.
156 2217 191 2283 6),
210 2215 257 2283 qni
276 2232 299 2273 r.
322 2221 354 2268 ‘rt
373 2231 390 2268 a
410 2217 497 2282 patris
522 2216 630 2270 nomine
648 2209 751 2269 dicitur
769 2217 919 2282 ll'rxiu'dqr,
939 2218 955 2274 i.
978 2232 1000 2272 e.
1022 2223 1124 2270 Νικίου
1150 2214 1232 2286 fllium,
1250 2234 1300 2273 suo

99 2301 186 2370 ipsius
209 2307 303 2354 autern
322 2302 431 2355 nomine
450 2317 474 2354 v.
496 2306 529 2354 20
548 2301 594 2369 qui
614 2303 653 2355 sic
671 2300 797 2368 procedit

364 2397 449 2444 Νικίιι
468 2390 511 2456 q'tl'
531 2392 623 2460 α’λόχω
643 2397 726 2445 παισί
744 2410 771 2445 aa
792 2391 875 2445 τῶνδ’
894 2394 1017 2464 ἐραταῖς.

169 2478 246 2546 Ergo
264 2488 347 2545 poeta
366 2479 483 2547 primam
496 2478 658 2546 positionem
678 2476 783 2538 Νικῖας
802 2478 857 2532 site
872 2477 974 2545 Νικῖης
993 2478 1033 2534 ita
1044 2481 1134 2536 venui
1152 2479 1299 2548 adaptavit

100 2573 128 2620 ut
156 2564 244 2620 fretus
272 2566 405 2634 exemplis
435 2565 623 2620 distractionis
650 2566 745 2632 epicae
771 2580 786 2619 e
813 2565 931 2620 lectione
961 2565 1074 2621 Homeri
1106 2566 1178 2623 notis
1207 2568 1299 2622 termi-

100 2654 242 2712 nationem
262 2653 324 2720 -ἳης
345 2674 356 2709 ε
377 2655 488 2722 insuper
507 2652 602 2710 addito
621 2652 810 2722 amplificaret.

168 2741 276 2795 Nomen
306 2742 388 2795 metri
417 2742 509 2808 gratia
540 2739 576 2795 ad
611 2741 683 2796 alius
714 2741 825 2797 dialecti
860 2756 982 2796 normam
1014 2749 1150 2797 mutatum
1185 2754 1299 2799 excusat

99 2827 249 2896 Sophoclea
268 2828 374 2882 minor
392 2829 416 2894 l?
435 2828 469 2885 ci.
489 2839 582 2908 tamen
595 2829 712 2884 Hermes
730 2829 756 2882 X
775 2835 839 2898 2095
861 2829 993 2898 Berghio⁴
1012 2839 1052 2885 ast
1071 2828 1172 2898 fragm.
1192 2839 1202 2885 1
1223 2832 1298 2898 prin·

98 2914 165 2982 cipis
184 2913 362 2984 tragicorum)
380 2924 450 2970 teste
469 2915 620 2983 Hephaest.
640 2923 670 2970 8:
698 2916 730 2971 rb
749 2920 797 2970 πού
820 2920 967 2990 Ἀρχελάου
987 2921 1082 2989 ὄνομα
1101 2920 1248 2997 Σοφοκλιξς
1268 2924 1298 2973 ἐν

99 3012 158 3061 ταῖς
173 3004 309 3071 ἐλεγείαις
330 3006 380 3053 οὐκ
394 3004 465 3070 ᾤετο
484 3005 618 3076 imapum
633 3006 696 3056 orire
717 3008 757 3064 εἰς
770 3008 838 3064 ἔπος
859 3008 923 3060 οὔτε
937 3010 976 3066 εἰς
990 3008 1121 3075 ἐλεγεῖον·
1134 3012 1204 3076 φησὶ
1218 3008 1297 3076 γοῦν·

360 3095 514 3161 §institute
543 3087 577 3158 ἦν
599 3089 655 3161 γὰρ
681 3091 848 3165 σύμμετρον
872 3083 928 3147 cide
952 3095 1055 3163 λέγειν.

168 3178 252 3232 Caius
278 3176 463 3231 excusationis
488 3176 569 3239 solito
593 3178 723 3233 maiorem
748 3178 776 3232 in
796 3179 936 3234 nominum
960 3179 1135 3248 propriorum
1159 3193 1214 3233 usu
1233 3179 1296 3234 reli·

97 3267 206 3334 giohem
238 3264 368 3320 testamb
394 3264 533 3331 (Mainake
560 3263 706 3319 choliamb.
736 3270 786 3319 las
814 3265 888 3332 adu.)
917 3265 1035 3321 alterum
1059 3265 1216 3334 exemplum
1243 3281 1297 3321 non

98 3354 168 3408 nori
206 3352 349 3422 (Archelai
368 3367 467 3407 nomen
489 3352 524 3408 ob
547 3361 665 3408 metrum
683 3352 822 3408 heroicum
841 3353 870 3408 in
889 3356 1036 3428 Ἀρχέλεως
1055 3360 1192 3409 mutatum
1210 3352 1299 3409 habes

98 3436 215 3494 fortasse
234 3437 333 3493 Kaibel
352 3455 393 3496 nr.
412 3444 462 3492 822
482 3438 544 3494 coll.
564 3437 635 3508 621.)
673 3440 777 3494 Contra
795 3441 922 3496 Ciceroni
939 3441 983 3495 rel
1002 3456 1052 3496 eae
1077 3441 1217 3496 nominum
1235 3456 1298 3511 pro·

96 3532 220 3597 priorum
244 3530 449 3584 immutationes
478 3544 549 3598 quae
578 3527 773 3582 consuetudine
800 3535 927 3596 receptae
952 3535 1034 3583 erant
1061 3528 1141 3597 quasi
1173 3542 1297 3582 summae

102 3617 230 3673 licentiae
258 3617 384 3683 exempla
411 3616 586 3671 uidebantur:
617 3613 697 3683 ‘Quid
720 3629 783 3669 raro
806 3614 933 3669 licentius
956 3629 1038 3682 quam
1064 3612 1137 3681 quod
1155 3612 1297 3667 homiuum

97 3704 182 3759 etiarn
200 3703 313 3758 nomina
331 3700 533 3757 contrahebant
552 3717 605 3769 quo
623 3711 714 3758 essent
732 3702 869 3769 aptioral’
887 3699 976 3769 (Orat.
998 3706 1045 3755 156
1065 3700 1151 3755 ascito
1170 3699 1297 3767 exemplo
1325 3746 1328 3752 .

97 3789 201 3846 Duellii
220 3805 301 3859 quem
319 3789 437 3845 Bellium
457 3789 766 3859 transnominarerant.)

168 3884 192 3942 ι)
212 3877 365 3934 Aristarch.
384 3874 515 3932 Ludnioh
535 3881 581 3933 Ar.
601 3877 673 3931 hom.
692 3875 832 3933 Textlrrit.
851 3875 878 3929 ll
900 3881 956 3929 121.
992 3874 1105 3945 Trypho
1124 3872 1177 3940 (ed.
1196 3872 1297 3929 Velsen

99 3971 141 4034 68)
160 3973 232 4020 teate
250 3965 399 4020 Enstathio
419 3972 477 4033 556,
497 3970 544 4034 66;
567 3964 653 4018 schol.
681 3963 717 4018 ad
736 3969 769 4017 Π
785 3968 845 4020 tot.
872 3961 1021 4018 Herodian.
1040 3960 1076 4016 ad
1094 3967 1119 4014 ,Β
1141 3965 1198 4014 isi.
1225 3965 1297 4016 113,

100 4058 201 4108 0554.
229 4058 330 4122 γ686;
358 4051 394 4109 ci.
412 4051 499 4107 Beklr.
522 4050 626 4107 Anecd.
646 4056 695 4104 825
715 4065 773 4118 sqq.
801 4049 928 4119 Spitaner
946 4048 980 4103 de
998 4064 1023 4102 v.
1043 4048 1090 4104 Gr.
1109 4047 1168 4102 her.
1190 4053 1221 4103 16
1240 4065 1297 4117 sqq.

98 4139 229 4195 Lndwich
257 4140 275 4197 l.
303 4141 321 4193 l.
351 4145 411 4206 ¹2⁵;
452 4139 565 4196 Maxim.
596 4137 713 4195 Plannd.
742 4136 904 4191 Bachmann
934 4135 1038 4191 Anecd.
1061 4134 1088 4189 ll
1123 4141 1154 4189 ts
1185 4145 1235 4193 etc.
1264 4166 1298 4174 -

99 4225 129 4279 G.
147 4226 291 4282 Hermann
311 4225 344 4280 de
363 4227 458 4280 metris
477 4232 510 4279 68
528 4242 586 4296 sqq.
625 4225 714 4281 Elem.
734 4223 820 4278 doctr.
839 4229 919 4280 metr.
939 4230 980 4280 46.
1017 4222 1163 4291 Westphal
1181 4221 1297 4276 Metrih⁸

99 4318 139 4371 64.
170 4313 263 4368 Christ
287 4312 402 4368 histriis*
428 4321 466 4367 16.
494 4319 534 4369 18.
560 4320 600 4367 25.
629 4319 677 4366 166
690 4329 748 4382 sqq.
783 4317 830 4365 193
844 4327 903 4381 sqq.
933 4310 1060 4381 Spitaner
1083 4309 1116 4365 de
1134 4326 1158 4364 r.
1172 4309 1218 4363 Gr.
1238 4308 1297 4366 her.

100 4403 130 4453 ta
148 4415 189 4469 sq.
220 4400 352 4457 Proaodie
380 4407 410 4454 16
434 4418 474 4470 aq.
494 4407 536 4454 83.
562 4400 681 4468 saepius.
711 4399 803 4454 Rasch
823 4397 857 4453 de
875 4400 1055 4467 productione
1074 4396 1195 4452 brorium
1214 4395 1298 4466 sylla·

100 4487 196 4542 barum
224 4488 252 4543 in
279 4486 392 4543 Homeri
420 4488 507 4543 lliade
534 4486 624 4556 (Halia
645 4490 723 4553 1665)
749 4501 775 4554 p.
797 4493 827 4540 16
847 4505 886 4556 sq.
906 4493 947 4546 21.
973 4487 1113 4542 Duentzer
1137 4482 1232 4540 Jahrb.
1252 4484 1298 4538 latr

1090 4575 1132 4641 1*
