2940 5026
557 218 791 314 -usff

150 403 309 474 Omnibus
330 409 409 475 locis
425 410 479 490 qui
504 407 598 474 ἀέσαι
614 409 737 475 babent
756 407 895 473 eandem
914 407 1068 488 loquendi
1089 407 1261 475 formulam

53 512 235 579 hincinde
257 513 437 596 paullulum
459 515 664 581 immutatam
687 515 822 580 subesse
845 513 951 594 quivis
974 513 1080 580 videt:

148 616 308 685 mrdsoa
332 618 386 704 (cf.
412 648 430 684 r
452 622 515 685 341
541 638 588 700 sq.
613 618 728 696 νύκτας
752 656 792 664 -
818 617 926 704 ἄεσα).

148 723 368 804 νυκτᾶἑσαμεν
397 723 453 807 (cf.
477 750 497 809 y
521 725 580 789 151
613 721 708 789 victua
730 724 790 804 μὲν
815 720 958 803 ἀέσαμεν
980 727 1015 786 et
1038 750 1059 786 π
1082 723 1144 787 367
1174 720 1259 785 νυκτ’

55 824 213 913 (ἴσαμεν).

147 928 328 998 νυκτᾶεσαν
352 960 373 1018 y
394 935 460 999 490
481 961 504 986 =
528 959 544 997 ο
570 934 642 998 188.

147 1035 327 1103 restituar
348 1037 456 1119 Apoll.
480 1036 585 1103 Rhod.
609 1036 657 1102 IV
681 1038 755 1102 884.

146 1142 321 1208 νυκτᾰέσαι
346 1168 363 1206 o
386 1144 439 1208 40.

147 1246 244 1330 Quod
257 1265 318 1313 nos
340 1243 499 1312 νυκτᾶεσα
523 1248 742 1327 marciacum
760 1263 826 1312 non
848 1246 912 1311 iam
934 1246 1083 1312 manibus
1098 1252 1257 1327 tenemus,

57 1352 94 1419 in
114 1357 212 1418 tanta
233 1352 362 1419 iactura
390 1370 488 1433 quam
514 1351 609 1434 opica
638 1350 747 1433 poesis
776 1348 856 1416 feeit
882 1350 948 1416 noli
977 1350 1110 1417 nimium
1136 1349 1256 1415 mirari.

64 1485 86 1520 a
115 1456 151 1521 in
176 1456 226 1522 bia
254 1474 322 1521 non
351 1455 444 1522 verbi
473 1453 648 1536 initialem,
680 1455 739 1520 sed
768 1453 906 1520 nominis
938 1454 1098 1537 syllabam
1127 1454 1257 1519 finalem

63 1559 205 1626 litteram
220 1578 294 1626 esse
308 1557 463 1641 proclivis
486 1564 539 1624 est
553 1557 710 1640 suspicio:
736 1558 832 1624 νύκτᾶ
847 1558 973 1644 ι11601),
998 1556 1091 1624 roxum
1104 1559 1255 1641 ficamus,

61 1663 161 1730 rrr'nrd
192 1666 294 1748 siuas
330 1663 365 1750 (y
393 1667 459 1731 490
492 1683 562 1732 var.
594 1664 669 1729 lect.
705 1662 802 1730 νῦκτα
841 1663 981 1750 ἔσανγ),
1021 1663 1117 1729 vostra
1151 1664 1255 1746 [ἑσαι.

56 1768 151 1853 sicae
182 1769 303 1836 radicis
334 1791 385 1835 aas
414 1768 557 1835 aoristus
587 1774 639 1836 est
667 1768 732 1835 rite
761 1768 937 1849 formetuS,
969 1767 1061 1835 cuius
1083 1767 1257 1851 vestigium

57 1873 148 1941 baud
184 1873 252 1940 scio
289 1894 332 1940 an
368 1875 403 1940 iu
437 1873 594 1957 Hesycbii
628 1892 755 1955 quoque
792 1873 903 1956 glossa
937 1871 1091 1938 ἀποὲσαν·
1127 1870 1258 1957 ἀπῆσαν

57 1977 146 2060 insit,
177 1978 270 2045 cuius
292 1978 451 2062 orIginem
474 1998 495 2045 a
520 1980 621 2045 verbo
651 1977 858 2045 substantivo
881 1977 987 2058 repeti
1008 1977 1119 2043 hiatus
1142 1983 1256 2043 vetare

58 2081 208 2164 videtum
232 2082 429 2150 deuotione
452 2083 492 2150 cf.
515 2102 617 2166 germ.
640 2103 708 2148 uros
734 2103 802 2147 war
831 2101 872 2148 ex
895 2082 1010 2148 eadem
1032 2081 1143 2147 radice
1166 2089 1255 2148 nata.

60 2186 105 2255 Ut
133 2187 291 2269 rhapsodi
320 2207 419 2256 voces
448 2189 534 2255 male
564 2188 790 2269 discerperent
827 2187 926 2271 (κατ’
958 2187 1071 2267 ἀέσαι,
1106 2204 1188 2266 non,
1219 2193 1256 2251 ut

58 2310 120 2374 par
149 2290 229 2372 fuit,
264 2291 360 2357 νύκτα
391 2292 490 2378 ibat),
525 2290 621 2357 facsse
651 2309 712 2358 usu
747 2290 860 2356 venire
889 2290 998 2372 potuit
1026 2289 1060 2355 in
1093 2289 1255 2356 locutione

57 2397 245 2465 fortassee
273 2398 506 2465 consuetudine
534 2396 693 2463 sermonis
721 2396 892 2462 cottidiani
921 2395 1041 2462 dudum
1072 2395 1192 2460 omissa
1222 2400 1256 2459 61

58 2502 130 2569 sola
151 2508 323 2585 poetarum
353 2502 530 2569 traditione
553 2503 595 2568 ab
625 2500 787 2569 oblivione
810 2500 962 2582 defensa,
993 2500 1174 2568 cumidem
1201 2498 1255 2567 vel

57 2607 90 2674 in
114 2606 282 2674 vocabulis
312 2606 397 2673 vivis
421 2605 585 2672 acciderit.
596 2605 624 2691 ³)
668 2605 847 2686 Postquam
870 2605 904 2671 in
928 2604 1014 2671 νῶτ’
1038 2601 1138 2683 ἄεσα,
1170 2602 1254 2670 νύκτ’

59 2713 162 2778 ἄεσαν
196 2740 216 2776 α
254 2711 400 2778 vocalem
438 2710 533 2776 modo
570 2710 764 2793 productam
801 2711 896 2776 modo
935 2715 1119 2793 correptum
1153 2710 1254 2776 verbo

58 2815 181 2883 donare
204 2824 418 2897 consuerunt,
449 2835 523 2882 mox
546 2815 675 2898 longius
703 2816 870 2898 progressi
898 2815 963 2882 ulia
987 2815 1147 2883 vocabula
1168 2815 1254 2881 inter

57 2920 155 2987 νύκτα
177 2928 213 2987 61
242 2919 338 2987 ἀέσαι
364 2920 510 2987 inserere
533 2919 606 2987 ausi
633 2925 718 2986 sunt.
766 2919 934 3004 Quomodo
963 2920 1074 2988 evenit
1103 2927 1139 2986 ut
1168 2938 1254 2986 nunc

56 3025 228 3107 productio
250 3025 373 3093 vocalis
395 3026 429 3092 iu
452 3024 558 3091 medio
589 3024 747 3091 vocabulo
774 3024 846 3091 fieri
873 3024 1025 3092 videatur
1055 3043 1139 3106 quae
1161 3023 1253 3088 initio
1284 3050 1287 3054 ·

56 3129 171 3196 inter
216 3131 293 3197 duo
338 3130 514 3196 diversa
559 3130 769 3195 vocabula
812 3148 903 3195 suam
945 3130 1056 3195 sedem
1101 3128 1251 3194 babebat.

55 3234 225 3301 Audaciae
254 3236 416 3302 cumulum
444 3234 564 3301 adiecit
593 3234 648 3315 qui
679 3231 820 3317 ἂέσαμεν
848 3233 880 3299 in
910 3233 1038 3317 ἄσαμεν
1059 3232 1253 3299 contrahere

55 3339 228 3422 sustinuit;
266 3342 353 3423 quod
390 3359 455 3422 qua
492 3344 603 3406 aetate
637 3338 759 3406 factum
794 3339 853 3420 sit,
891 3338 1070 3420 nescimus3
1105 3357 1181 3404 nam
1212 3337 1252 3401 de

54 3445 196 3513 1110110110
226 3476 248 3511 π
278 3448 340 3513 361
380 3444 510 3512 minime
540 3449 671 3510 constat
702 3440 829 3526 (οὔποτ’
868 3443 917 3508 ἐπ’
956 3442 1076 3532 ἠπείρῳ
1112 3443 1253 3524 [ἐσαμεν

55 3549 151 3630 rr'rrr',
177 3549 246 3616 ἀλλ’
270 3550 318 3615 ἔνι’
340 3547 491 3637 norw).

143 3655 235 3740 Quae
258 3657 434 3736 supersunt
463 3650 556 3717 velut
577 3649 672 3717 ἃείδω
696 3651 783 3739 φάεα
812 3655 909 3718 averto
939 3651 1072 3718 metrice
1096 3649 1250 3732 explicari

54 3778 180 3843 posse
222 3759 255 3824 in
298 3756 519 3839 disputatione
563 3756 603 3822 de
641 3756 853 3838 productione
895 3756 1030 3822 metrica
1068 3754 1135 3820 suis
1171 3753 1251 3819 locis

53 3860 359 3930 demonstrabimus.
416 3857 506 3941 Ergo
544 3877 585 3924 ne
624 3878 722 3925 unum
766 3860 895 3941 quidem
933 3858 1125 3925 vocabulum
1163 3859 1251 3940 apud

52 3968 234 4036 Homerum
257 3970 292 4029 61
306 3963 485 4029 Hesiodum
501 3962 623 4047 legitur
644 3964 677 4029 in
694 3983 757 4045 quo
781 3964 909 4047 syllaba
924 3981 984 4044 per
999 3980 1034 4027 se
1050 3960 1160 4027 brevis
1181 3961 1251 4026 sola

55 4107 239 4117 Μ’·

124 4160 144 4223 ¹)
163 4155 207 4210 Dc
225 4152 405 4224 productione
422 4151 525 4208 vocalis
542 4154 578 4209 ct.
598 4154 759 4228 σμερδαλέᾱ
777 4156 886 4225 stipor
905 4154 993 4207 sImm.

122 4244 145 4313 ¹)
163 4241 213 4299 cui
231 4241 343 4296 lectioni
361 4239 430 4295 nihil
448 4239 591 4296 tribuerim
611 4240 797 4308 auctoritatia3
819 4238 853 4294 ci.
872 4247 965 4294 tumen
984 4256 1006 4292 v.
1027 4240 1044 4296 l.
1064 4262 1081 4293 a
1104 4247 1153 4294 361
1175 4243 1250 4296 νύκι·

51 4336 192 4400 donamur!
210 4328 287 4384 ron'
305 4330 453 4397 α’ίσσαμεν
470 4348 490 4382 n
511 4332 560 4382 sot
581 4329 618 4381 ‘K
635 4327 753 4395 optimae
772 4335 854 4383 notae
873 4326 960 4384 liber'.

121 4422 143 4485 ³)
162 4418 296 4485 didymo
319 4416 389 4480 (1.6.
413 4419 495 4488 dely«
521 4420 551 4479 ÷
579 4418 638 4485 rra)
661 4416 730 4472 abiit
753 4416 782 4470 iu
801 4416 872 4487 orry*
898 4419 982 4484 (ἴτης
1006 4416 1152 4484 paullatim
1179 4420 1250 4468 cina

48 4519 164 4576 prorsus
182 4504 226 4559 sui
244 4503 312 4559 iuris
329 4501 367 4559 11
405 4503 446 4563 cf.
465 4502 668 4576 Wackernagel
686 4503 743 4561 KZ.
763 4502 881 4561 XXVIII
903 4509 950 4561 12³
970 4519 1008 4577 sq.
