2986 5010
582 279 622 287 -—
668 243 732 306 333
779 280 819 288 —-

102 440 212 497 cetera
236 430 385 512 volgaria
409 437 507 494 λῦσον
529 430 650 510 Sapph.
681 437 709 509 l,
735 432 776 495 25
801 431 909 496 δ’ἐδκῡκε
932 435 984 513 52,
1014 439 1024 497 l
1052 431 1157 518 piano
1189 435 1289 500 Aleae

101 537 153 615 33,
178 540 198 600 4
223 535 381 623 φῦτεύσῃς
404 538 447 599 44
471 533 665 621 ἀρῠτὴμενοι
688 537 741 600 4Ί,

189 639 299 705 Etiam
322 640 426 722 magle
449 639 639 720 conspirant
662 657 734 704 cum
757 639 899 705 Homero
929 642 961 706 iu
992 641 1042 706 his
1064 643 1170 707 rebus
1194 642 1298 706 Dores

102 762 237 824 quorum
253 744 349 824 plura
365 744 514 824 exempla
529 744 695 808 hebemus.
719 743 820 807 Verbi
835 743 964 823 quidem
988 745 1051 810 δύω
1074 745 1162 826 apud
1179 745 1297 810 Pinda-

101 867 171 913 rum
195 865 258 912 non
282 847 404 929 legitur
426 847 488 912 nisi
510 847 614 912 forma
633 845 754 923 ’ἅδ’ῠκος
776 853 854 926 (ab)
878 848 943 932 (Ol.
968 850 1033 914 VH
1056 852 1107 915 32.
1133 849 1169 913 Ρ.
1194 849 1244 913 XI
1266 853 1297 914 4.

100 952 139 1016 fl'.
164 950 230 1037 95),
255 956 291 1015 at
313 950 406 1016 Verbi
430 947 501 1035 φῦω
527 989 564 995 -
589 954 723 1030 praeter
746 947 844 1034 φύσις
868 951 971 1035 abror
1000 951 1178 1037 (σύμφῦτος
1201 952 1296 1019 aulul-

102 1061 212 1142 φῦκος)
245 1055 371 1142 rpoream
402 1057 482 1142 ἔφῡκ
511 1055 563 1140 (Ρ.
594 1055 611 1119 Ι
641 1056 683 1120 42
714 1053 820 1121 vocali
851 1053 883 1117 iu
914 1052 1014 1118 tertia
1044 1054 1177 1135 pluralis
1209 1063 1297 1121 recte

100 1160 265 1244 correpta)
290 1199 331 1205 —
363 1160 460 1225 etiam
491 1177 648 1240 praesens
679 1156 814 1245 φῦοκται
848 1157 897 1222 01.
929 1158 977 1221 IV
1008 1159 1066 1239 28;
1102 1160 1194 1225 verbi
1231 1159 1298 1226 aba

101 1264 235 1346 ‘opfem'
254 1303 293 1309 —
310 1269 444 1346 praeter
466 1263 597 1328 nomina
622 1262 772 1343 ἱρόθῠκος
789 1260 968 1338 κολύθῠτος
994 1264 1094 1327 abab
1111 1269 1297 1345 (βουθῡσκά)

101 1408 140 1416 -
166 1366 252 1434 θῖκωκ
276 1368 327 1433 Ol.
350 1368 437 1433 XIII
461 1371 502 1433 69
527 1370 601 1434 ἔθῦε
631 1373 666 1433 Χ
688 1370 727 1432 bl
759 1364 873 1432 rietur
896 1365 936 1430 fr.
961 1368 1001 1430 78
1025 1364 1132 1449 (θῦεικ
1153 1368 1193 1433 fr.
1220 1373 1296 1456 170)

99 1473 228 1552 quicum
274 1471 420 1552 apprime
471 1471 623 1538 convenit
666 1472 752 1551 quod
795 1469 1032 1551 Aristophanes
1070 1471 1296 1553 Megarensem

99 1576 244 1642 vocalem
268 1575 300 1639 iu
326 1573 417 1639 θῧκικ
440 1575 667 1657 corripientem
695 1573 775 1638 facit
805 1575 945 1638 Acharn.
971 1576 1051 1638 792:
1084 1575 1117 1639 id
1148 1579 1234 1658 quod
1258 1599 1296 1644 eo

99 1680 257 1745 illustrius
280 1697 353 1743 esse
377 1698 455 1744 usus
479 1679 588 1743 Dorici
612 1679 828 1744 testImonium
852 1679 1024 1761 Intelleges
1048 1679 1240 1762 simulatque
1264 1684 1295 1748 in

99 1804 197 1852 versu
231 1783 384 1849 contiuuo
418 1783 611 1865 insequente
647 1785 878 1850 Atheniensem
909 1785 1119 1867 Dicaeopolin
1150 1804 1190 1851 er
1222 1806 1294 1852 con-

98 1889 200 1955 stanti
223 1889 427 1970 popularium
451 1907 540 1953 more
563 1888 722 1971 syllabam
745 1888 901 1955 initialem
926 1890 1014 1958 vocis
1039 1889 1151 1956 θύεται
1178 1892 1294 1972 produ-

98 2011 173 2058 cere
197 1992 378 2057 attenderis
402 1992 457 2076 (cf.
480 2011 564 2074 meg.
590 1993 706 2058 σάκκον
729 1997 809 2058 ἵ45ῑ
834 2000 894 2059 att.
920 1995 1018 2059 σάκον
1041 1997 1114 2060 822.
1147 1995 1296 2060 Meineke

98 2115 209 2160 comm.
235 2096 283 2160 IV
313 2096 401 2180 aar).
448 2096 509 2160 His
539 2096 700 2161 accedunt
730 2117 769 2161 ex
801 2098 936 2163 Pindari
966 2098 1161 2163 cerruinibus
1192 2096 1297 2162 κλῦεκκ

96 2200 160 2264 iam
184 2197 368 2281 praesentis
392 2199 463 2265 vice
486 2198 626 2282 fungens
655 2202 692 2266 P.
717 2202 733 2266 I
757 2204 808 2267 90.
844 2203 891 2268 IV
914 2206 970 2284 58,
996 2196 1063 2288 ῥῧω
1087 2203 1238 2268 ‘trahere‘
1262 2202 1295 2268 iu

98 2301 221 2394 ἅναρῦῃ
244 2304 294 2369 Ol.
318 2304 405 2369 XIII
429 2305 467 2368 81
493 2302 637 2387 (ἐρῧσακς
660 2306 698 2370 N.
721 2306 787 2371 VII
804 2308 860 2387 673
885 2312 977 2371 taceo
1001 2307 1135 2371 deloco
1160 2307 1295 2372 obscuro

96 2410 136 2473 N.
160 2409 210 2473 IX
234 2409 307 2493 23),
337 2404 407 2472 litor
430 2408 456 2472 Ι.
489 2408 572 2472 VIII
602 2411 644 2472 48
677 2407 834 2491 παραλύει
868 2410 917 2474 01.
949 2411 984 2475 ΙΙ
1012 2398 1063 2476 52
1086 2410 1167 2495 (aor.
1200 2416 1292 2476 ’κῡκκκ

98 2512 232 2593 passim:
257 2514 406 2587 λῦθέντες
431 2537 491 2574 ’ων
513 2511 538 2575 Ι.
563 2512 646 2576 VIII
670 2514 699 2575 ll.
724 2511 762 2576 fr.
781 2515 832 2578 35.
865 2512 981 2590 ἄλῦτος
1002 2511 1198 2594 Iauoleno),
1224 2540 1293 2579 not-

98 2614 203 2682 nv'baa
226 2618 262 2680 Ρ.
286 2616 319 2679 Χ
343 2619 398 2696 fvi,
423 2617 464 2680 ab
495 2619 551 2697 ὲρυ
575 2618 729 2682 ‘servare’
761 2617 913 2684 derivata
944 2615 1060 2700 ῥῧοκτο
1092 2619 1116 2683 l.
1147 2618 1230 2682 VIII
1253 2621 1293 2683 bl

97 2720 259 2804 ἐρρύσατο
283 2722 319 2786 Ρ.
345 2721 412 2785 XII
439 2725 477 2785 19
502 2721 695 2806 ῥῦσίὸιφρον
723 2723 748 2786 Ι.
773 2722 808 2786 Π
831 2724 881 2787 21.
928 2722 1029 2787 Vides
1052 2723 1152 2805 Igitur
1175 2722 1292 2787 Pinda-

97 2845 167 2889 rum
213 2825 336 2892 vocalis
376 2856 391 2889 υ
429 2825 666 2906 correptionem
710 2825 883 2889 admIttere
922 2825 1023 2890 isdem
1062 2825 1131 2890 fere
1168 2826 1295 2908 legibus

96 2932 285 2995 obsecutum
302 2930 417 3010 quibus
440 2930 617 2994 Homerum
638 2929 807 2995 astrictum
831 2928 1090 2996 observavimus:
1116 2949 1199 3010 quae
1223 2948 1294 2995 cum

95 3034 143 3098 ita
166 3033 232 3098 sint
254 3039 370 3098 notatu
394 3033 630 3112 qurammaxime
658 3033 791 3115 (lignum
814 3033 846 3097 in
871 3034 997 3099 [luobus
1022 3034 1188 3101 vocabulis
1211 3053 1295 3114 quae

96 3138 183 3220 apud
221 3137 397 3203 Homerum
436 3138 674 3218 correptionem
712 3146 909 3204 aversantur
946 3158 987 3203 ne
1026 3140 1130 3203 Dores
1165 3137 1294 3216 quidem

95 3242 239 3309 vocalem
263 3240 448 3305 breviasse:
475 3238 544 3305 aba
568 3239 697 3305 ‘furere’
721 3240 792 3305 dico
822 3241 855 3323 (i.
881 3261 908 3306 e.
936 3243 1029 3324 mab)
1061 3241 1154 3305 Pinvl.
1180 3240 1217 3304 Ρ.
1243 3241 1295 3304 III

94 3348 146 3411 33.
170 3344 209 3410 fr.
234 3348 285 3424 88,
311 3349 330 3410 2
354 3352 388 3409 et
413 3342 482 3410 θύω
505 3345 541 3429 (ε
566 3342 653 3409 bova
676 3345 713 3409 P.
737 3344 769 3408 X
793 3344 850 3426 54)
875 3345 1072 3426 ‘properare'
1096 3345 1127 3408 in
1152 3343 1294 3407 carmine

95 3448 245 3531 populari
269 3449 321 3513 B.⁴
346 3453 375 3529 o,
401 3456 420 3515 b
445 3448 588 3532 (Usener
611 3448 718 3528 Altgr.
744 3448 891 3513 Versbau
916 3450 971 3532 80)

180 3553 377 3617 Praesentia
400 3553 431 3617 in
457 3553 537 3618 -κὺω
560 3571 690 3632 semper
713 3551 819 3616 vocali
835 3552 927 3618 brevi
951 3559 1087 3617 utuntur
1110 3551 1142 3615 in
1159 3551 1294 3615 Pindari

94 3657 299 3722 callainibus.
347 3654 477 3722 deberat
500 3657 538 3721 Ρ.
563 3657 597 3720 Π
627 3660 680 3720 49.
719 3653 872 3735 ὑπομνῦω
900 3657 937 3720 N.
970 3654 1034 3721 VII
1065 3657 1116 3720 ΤΟ.
1157 3656 1295 3719 δεῖκνὺεν

94 3761 131 3824 P.
156 3762 203 3824 IV
227 3763 299 3825 ⁶220.
339 3759 557 3851 καταζευγνῧῃ
584 3761 621 3824 Ρ.
651 3759 684 3823 II
721 3762 767 3821 ll.
806 3762 939 3844 μίγνῦον
962 3759 999 3823 N.
1024 3758 1071 3822 IV
1095 3760 1147 3822 21.
1187 3756 1294 3840 ὀρνῦει

93 3864 144 3929 Ol.
168 3865 254 3931 XIII
287 3870 334 3933 12.
381 3868 501 3951 &puber
530 3869 567 3933 P.
600 3868 647 3933 IV
682 3869 751 3931 l'l'O.
799 3860 959 3946 σβεννῦεις
989 3862 1026 3926 P.
1058 3861 1075 3925 I
1104 3864 1134 3926 5.
1183 3862 1294 3926 τάνῠεν

93 3969 143 4033 Ol.
170 3970 252 4035 VIII
276 3975 327 4037 49.
367 3972 404 4037 P.
428 3973 476 4037 IV
503 3975 573 4038 129.

180 4075 294 4157 Longe
318 4076 450 4143 diversa
466 4083 621 4143 secuntur
642 4077 676 4141 in
698 4075 749 4140 his
768 4074 941 4141 verborum
964 4071 997 4137 in
1021 4070 1083 4135 -ύω
1107 4069 1292 4136 cadentium

93 4179 321 4260 praesentibus
345 4179 480 4265 Attica)
509 4180 565 4260 qui
592 4186 725 4260 praeter
755 4177 883 4258 poetIca
912 4195 996 4257 quae
1027 4195 1048 4240 a
1078 4173 1293 4241 vetustiorum

92 4288 264 4362 poetarum
287 4282 307 4346 i.
332 4301 359 4346 e.
383 4281 415 4346 in
448 4282 635 4349 uuiversum
667 4282 709 4346 ab
737 4280 871 4345 Homeri
900 4279 1128 4360 epicorumque
1159 4297 1291 4344 consue-

131 4388 300 4395 ’,ω-..ᾳ-

166 4422 184 4486 ¹)
205 4420 290 4474 Locos
308 4420 336 4472 iu
356 4434 445 4473 meum
465 4434 542 4472 usum
562 4419 620 4485 ipse
644 4417 754 4485 collegi,
781 4415 909 4470 collectos
937 4417 1038 4470 contuli
1066 4432 1126 4470 cum
1155 4418 1194 4473 eis
1221 4434 1292 4485 quae

92 4505 219 4561 omnibus
239 4514 348 4575 praesto
368 4506 476 4560 suntin
497 4505 574 4557 libris
592 4505 833 4571 grammaticorum
853 4515 881 4558 et
900 4503 1164 4572 lexicographorurn.
