2956 5018
546 213 781 281 *479—

65 400 464 486 Η16661.104866γάς.1)
495 402 705 485 Quantopere
721 402 855 482 antiqua
877 403 1048 484 tragoedia
1070 403 1262 476 solutionem

64 505 98 570 in
121 504 290 587 bisyllabis
312 505 542 587 reformidant,
567 506 687 587 optime
703 506 819 587 discas,
844 507 871 572 si
894 507 1054 589 bisyllaba
1077 526 1117 572 ex
1140 508 1262 589 plenio-

64 608 156 673 ribus
189 609 318 673 demum
352 608 463 672 formis
500 608 634 674 elisione
671 608 761 673 facta
798 609 885 673 haud
922 629 998 673 raro
1035 609 1123 691 apud
1161 611 1260 690 tregi-

65 731 176 778 corum
200 711 363 792 principes
391 711 509 775 offendi
537 722 644 775 tecum
672 712 895 791 reputaveris:
926 713 1037 794 μέλαν’
1066 711 1144 797 ὀλίγ’
1173 712 1262 795 ὄνομ’

65 816 180 898 πατέρ’
201 817 331 895 πατρίδ’
349 814 465 900 φυγάδ’
483 815 598 902 φύλακ’
614 817 714 879 habet
728 816 910 898 Aeschylus
932 820 951 881 9
974 817 1063 896 locis,
1087 816 1262 897 Sophocles

66 919 157 1001 ὄνομ’
189 919 271 984 πεδί
303 918 432 984 σκύλαιδ
464 918 580 1005 φύλακ’
610 918 853 1002 quinquienS,²)
885 919 1059 999 Euripides
1095 920 1130 1002 (4
1161 923 1261 1006 trag.)

66 1022 180 1107 πατέρ’
210 1023 293 1087 πεδιρ
316 1029 377 1088 ter.
423 1022 522 1088 Cuius
550 1023 789 1104 discrepantiae
817 1041 917 1088 causa
940 1023 1047 1088 estin
1070 1026 1260 1105 propatulo:

63 1128 98 1193 in
123 1126 236 1209 πατέρ’
260 1127 483 1193 accusativum
506 1126 595 1191 cadit
616 1127 795 1191 necessitas
819 1126 982 1207 solvendi,
1013 1127 1047 1192 in
1075 1127 1261 1194 vocativum

65 1233 168 1316 πάτερ
200 1231 323 1312 origine
353 1231 547 1313 bisyllabum
577 1249 641 1294 non
667 1230 789 1314 116661)
808 1268 847 1276 -
871 1230 990 1296 Casum
1019 1231 1052 1296 in
1083 1231 1133 1296 his
1164 1234 1261 1297 rebus

63 1355 130 1401 non
161 1334 351 1413 advocabit,
382 1333 526 1412 quisquis
557 1332 723 1413 Euripidis
746 1339 857 1398 aetate
884 1334 1097 1414 provectioris
1127 1335 1159 1399 in
1192 1335 1261 1400 dies

63 1438 169 1520 magis
196 1437 244 1502 rei
274 1436 429 1501 metricae
455 1454 589 1502 severas
618 1436 709 1516 leges
739 1436 919 1500 relaxantis
950 1455 1042 1501 usum
1070 1437 1260 1519 contulerit;

62 1542 227 1624 bisyllaba
249 1538 442 1604 solutionem
466 1542 603 1618 experta
626 1538 758 1604 eructavi
780 1557 821 1602 ex
837 1538 961 1617 aliquot
982 1539 1101 1603 fabulis
1131 1540 1260 1619 haecce,

64 1666 107 1711 ex
129 1646 209 1710 Heu.
243 1644 317 1725 dope'
342 1643 436 1725 δρυός
460 1641 574 1722 πόνον,
603 1642 758 1706 Androm.
790 1644 856 1706 Διά
886 1642 984 1723 μόνος
1016 1641 1106 1719 πόλις
1136 1644 1262 1728 Φρυγός

63 1749 160 1833 (φέρε
184 1747 248 1831 δή),
272 1746 407 1810 Electra
429 1745 553 1828 βραχύν
582 1747 661 1826 λαβέ
681 1748 764 1829 μέγα
797 1745 918 1830 πατρός
942 1751 1021 1810 ποδί
1041 1746 1134 1823 πόσις
1160 1747 1262 1833 τάφον

65 1850 188 1936 τροφόν
222 1849 317 1933 χερός
346 1850 446 1933 χέρας
477 1849 622 1933 Φρύγας,
654 1850 776 1914 Phoen.
808 1850 892 1932 βαρύ
925 1852 1014 1934 γένος
1046 1852 1137 1935 δέρος
1168 1852 1262 1934 δορός

64 1955 144 2038 δόρο
178 1952 276 2017 καλόν
309 1952 405 2035 λόχον
438 1953 521 2035 μέγα
562 1954 629 2028 ’ξένε
665 1953 765 2035 πότερ
805 1955 901 2017 πέδον
940 1954 1024 2017 πόδα
1061 1956 1140 2017 ποδέ
1171 1954 1261 2019 πόλιν

64 2057 172 2138 στόμα
203 2056 300 2141 χάριν
331 2055 468 2142 abirom
507 2056 565 2121 sed
595 2075 679 2135 quae
706 2057 740 2122 in
763 2076 868 2122 meum
898 2076 990 2121 usum
1015 2058 1130 2138 collegi
1154 2059 1261 2123 omnia

64 2161 230 2227 effimdere
254 2160 381 2240 taedet,
405 2178 459 2224 res
488 2159 549 2224 sibi
575 2160 681 2240 poscit
703 2160 867 2241 propriam
890 2160 1146 2239 disquisitionem
1177 2181 1260 2242 qnae

63 2284 130 2331 non
169 2270 221 2329 est
255 2265 350 2330 huius
387 2264 449 2328 loci
490 2269 524 2328 et
562 2263 727 2345 temporis.
786 2264 952 2332 Evicimus
993 2263 1185 2329 solutionem
1227 2265 1261 2330 in

63 2368 233 2451 bisyllabis
256 2367 325 2434 fere
347 2387 411 2432 non
435 2367 563 2432 admitti
586 2369 626 2432 ab
651 2368 785 2447 antiqua
808 2367 995 2449 tragoedia,
1028 2367 1147 2448 quippe
1177 2387 1261 2448 quae

63 2472 136 2536 sine
173 2471 240 2536 ulla
275 2470 407 2536 licentia
442 2471 537 2535 aliter
574 2470 684 2536 versui
721 2471 828 2551 aptari
862 2470 1044 2552 potuerint,
1084 2471 1260 2536 adiciamus

63 2575 217 2640 continuo
239 2574 325 2639 idem
356 2573 525 2640 observari
546 2573 580 2638 in
607 2573 786 2656 trisyllabis
814 2592 898 2653 quae
922 2573 1086 2654 dactylum
1110 2573 1259 2652 efficiant,

63 2697 140 2744 nam
174 2683 309 2758 praeter
338 2677 455 2741 Aesch.
486 2675 627 2756 Choeph.
659 2677 732 2740 982.
765 2674 862 2755 Soph.
894 2675 945 2739 Ai.
977 2678 1050 2740 846.
1075 2676 1139 2741 ΟΟ.
1166 2680 1258 2742 1634.

62 2783 104 2847 fr.
135 2784 208 2848 523.
241 2784 321 2862 782,
353 2784 390 2861 2,
422 2780 477 2860 qui
511 2799 626 2847 versus
657 2783 698 2845 ab
724 2779 837 2857 Ἥλιος
862 2780 955 2845 Ἥλιε
988 2781 1114 2866 μήποτε
1147 2783 1261 2845 οἰκέτιν

62 2885 191 2951 initium
224 2889 373 2966 sumunt,
405 2884 538 2949 ultimae
572 2884 683 2949 talium
718 2885 948 2953 vocabulorum
983 2886 1129 2968 syllabae
1161 2887 1260 2952 ictum

62 3008 129 3054 non
152 2987 358 3071 recipiunt.⁴)

153 3092 197 3156 ΙΙ.
228 3090 405 3155 Productio
435 3090 570 3155 metrica
592 3092 681 3157 cadit
710 3099 867 3172 quantum
894 3094 965 3160 eius
995 3094 1065 3159 fieri
1095 3100 1205 3175 potest
1226 3093 1259 3159 in

62 3196 201 3278 primam
225 3193 407 3279 vocabuli⁵)
439 3194 614 3275 syllabam;
647 3214 731 3274 quae
761 3199 989 3265 contravenire
1020 3199 1160 3266 vidimus
1190 3198 1259 3263 sere

62 3315 222 3363 excusare
244 3296 345 3377 licuit,
377 3295 510 3362 ἆλειίιτᾰ
534 3298 687 3378 θεμεέλῖα
711 3297 805 3381 όιτεδρ
830 3298 890 3363 dua
915 3299 954 3364 τὰ
984 3302 1090 3385 τεόρεᾰ
1114 3302 1158 3387 (Σ
1179 3302 1258 3386 485)

62 3400 134 3466 κατ’
167 3398 263 3484 οὔρεα
288 3400 363 3484 παρ’
399 3397 486 3485 ἇνέρι
520 3401 667 3482 syllabae
696 3401 803 3466 finalis
833 3407 954 3468 natura
984 3423 1068 3483 quae
1102 3405 1164 3469 rite
1194 3424 1259 3470 non

136 3591 158 3654 ¹)
176 3587 247 3642 Nam
265 3589 335 3648 θεός
353 3592 404 3642 lta
429 3589 545 3658 synizasi
569 3589 597 3642 in
620 3589 839 3658 monosyllabum
864 3591 1055 3646 coartandum.
1091 3600 1162 3661 πυρί
1186 3591 1259 3647 Med.

64 3679 133 3727 1193
152 3689 254 3741 pravae
273 3674 387 3728 debetur
406 3677 587 3730 coniecturae.

134 3766 155 3826 ²)
175 3759 309 3814 Szclinslri
330 3769 351 3819 t.
371 3767 402 3815 21
423 3779 462 3832 sq.
500 3763 613 3817 Accedit
631 3779 664 3817 ex
683 3763 846 3830 fragmentis
866 3766 962 3834 πατέρ’
981 3771 1040 3831 346,
1060 3770 1083 3818 2.

134 3851 157 3915 ⁸)
176 3846 247 3900 Hinc
264 3847 388 3915 sequitur
406 3849 527 3916 Choeph.
550 3854 597 3902 124
616 3853 687 3919 λέγω
707 3853 830 3904 καλοῦσα
850 3851 958 3920 πατέρ’,
984 3852 1147 3923 ἐποίκτιρόν
1166 3851 1187 3904 τ’
1208 3856 1259 3922 ἐμέ

61 3933 209 4001 legendnm
228 3950 296 4002 6666,
315 3952 370 3989 666
388 3936 503 3990 vocandi
522 3952 587 3992 6666
600 3939 701 4008 πάτερ,
719 3936 791 4005 quod
811 3937 883 4005 sugit
895 3938 1059 3993 Muellerum
1077 3938 1259 4004 66666124.

133 4021 155 4088 ⁴)
172 4022 269 4075 Aesch.
289 4025 341 4089 Ag.
364 4029 374 4074 1
395 4023 576 4091 interpolatos
595 4031 643 4078 est.
681 4024 925 4093 8661166112066.

135 4109 154 4173 ⁶)
173 4107 227 4160 Pro
252 4125 305 4162 666
329 4107 462 4162 vocabulo
485 4114 550 4162 sunt
569 4115 611 4165 ελν
630 4112 676 4163 ἁλί
695 4117 737 4164 ab
755 4112 845 4185 α’γορῇ
858 4120 930 4177 cotta
950 4114 980 4164 tv
1000 4107 1190 4167 ἃθαντίτοισιν
1209 4112 1258 4167 ὑπ’

62 4199 182 4267 εἰρεσίης
201 4193 286 4260 igitur
304 4194 410 4247 habent
428 4193 511 4248 ictum
529 4211 584 4249 non
603 4196 630 4248 in
653 4197 758 4262 poma,
782 4195 830 4250 sed
854 4197 883 4250 in
907 4195 1026 4251 secunda
1050 4196 1172 4265 syllaba,
1198 4199 1257 4252 a'nb

60 4285 196 4344 Σικανίης
221 4281 292 4334 ἕνεκ’
312 4282 466 4348 οὐλομένης
486 4280 542 4334 ὑπὸ
566 4285 718 4355 Πειριθόῳ
743 4283 771 4336 16
790 4283 886 4337 tertia:
909 4282 982 4349 qnod
1001 4291 1162 4350 excusatur,
1181 4291 1211 4336 ut
1229 4285 1257 4337 in

61 4367 201 4421 vocabulis
229 4385 300 4436 quae
328 4385 345 4422 a
372 4376 504 4436 quattuor
530 4369 573 4421 vel
604 4370 721 4437 quinque
754 4368 880 4422 brevibus
907 4369 1054 4436 incipiunt,
1085 4369 1257 4424 necessitate.

61 4453 137 4506 Ideni
158 4454 231 4507 valet
250 4453 283 4507 de
302 4455 359 4506 κατ’
379 4453 428 4506 ‹lrr'
449 4455 617 4522 Οὐλύμποιο
637 4456 672 4522 (l'
689 4461 704 4508 b
724 4453 808 4519 alias)
828 4459 854 4513 ἐς
875 4457 1031 4523 Οὔλυμπόν
1050 4475 1077 4508 τι
1097 4457 1131 4523 (Τ
1150 4462 1217 4522 128).
