2986 5010
600 202 836 264 —339-

118 390 196 473 295)
227 395 339 455 natum
363 408 404 454 en
428 388 602 471 *probb-pm
633 388 812 471 μεθὶοντας
843 389 979 453 Theocr.
1003 387 1118 453 XXIX
1149 391 1178 453 2.
1223 390 1313 454 Ana-

117 493 258 557 creontis
281 491 393 572 μεθύω
415 492 480 556 iarn
503 492 762 557 commemoravi

205 598 296 680 Quae
331 599 404 661 obst
391 602 524 677 ttrepau
557 596 706 676 exempla
740 612 805 658 non
840 593 950 659 inueni
987 594 1050 658 uisi
1081 595 1178 658 haec:
1214 614 1311 661 carm.

119 720 191 782 pop.
217 704 252 765 21
281 699 342 783 (111
367 699 508 782 conith)

432 802 560 876 ‘uscptrop'
580 808 642 875 ἔρια
662 809 707 854 καὶ
727 804 833 871 κρόκαν
854 804 994 866 Μιλησίαν

118 892 158 955 de
182 892 273 957 cuius
297 909 413 956 versus
440 909 500 953 nec
527 890 730 953 lectione-
755 888 897 952 traditur
927 889 998 971 ἔρια
1029 887 1199 969 papicum
1229 906 1313 967 quae

118 996 218 1059 verba
242 994 391 1058 Meineke
420 993 674 1075 transpositione
702 992 734 1057 in
765 991 842 1057 iusti
873 1010 987 1059 versus
1018 991 1154 1056 formam
1185 992 1315 1079 redegit

118 1135 158 1144 -
175 1117 279 1178 neque
304 1105 414 1162 aetate
440 1104 583 1178 constat;
608 1097 713 1178 possis
736 1097 849 1161 ludere
864 1095 1066 1177 paciuntur)
1091 1098 1177 1180 ἔρεια
1194 1096 1313 1160 collato

118 1208 176 1266 att.
201 1204 310 1284 ἐρεοῦς
334 1235 365 1252 2
391 1201 540 1284 *tpeeobc
553 1204 575 1280 ¹)
621 1199 836 1282 Bacchylides
867 1218 961 1278 quem
992 1205 1106 1264 contra
1128 1199 1313 1264 melicorum

118 1306 383 1370 cousuetudinem
414 1305 479 1370 λύει
512 1304 704 1386 produxisse
735 1322 835 1384 supra
865 1304 1050 1370 notavimus
1081 1305 1173 1369 iuxta
1204 1304 1314 1369 ἔντῠον

117 1412 156 1476 fr.
180 1413 222 1476 33
245 1419 360 1491 μανύει
386 1411 442 1488 22,
471 1414 484 1473 1
518 1408 648 1473 admisit
676 1405 791 1487 μανύει
814 1411 866 1472 43.
914 1407 1008 1472 Unde
1039 1408 1120 1473 haec
1143 1407 1313 1488 productio

118 1513 246 1579 venerit
267 1512 344 1577 mihi
368 1532 431 1577 non
455 1513 560 1578 minus
584 1513 714 1577 dubium
735 1531 831 1592 quarn
855 1512 940 1576 unde
964 1511 1134 1576 hauserint
1149 1511 1314 1592 Theognis

117 1615 332 1696 Empedocles
356 1635 416 1680 sua
446 1614 562 1701 φύεται
595 1614 687 1680 δύετο
711 1615 826 1698 (supra
849 1633 924 1696 pag.
949 1618 1009 1679 331
1036 1616 1108 1699 sup).
1156 1615 1313 1678 Fortasse

117 1727 226 1783 tamen
258 1720 346 1783 baud
380 1720 476 1800 longe
507 1720 713 1786 aberraveris
745 1740 764 1783 a
795 1739 909 1800 scopm
941 1721 969 1784 si
999 1721 1085 1785 inter
1115 1721 1314 1785 recentiores

117 1823 211 1888 lones
235 1822 275 1884 de
299 1841 435 1901 quorum
460 1841 520 1887 usu
536 1828 595 1887 aut
617 1821 695 1886 nibil
719 1828 778 1886 aut
800 1840 915 1901 parurn
932 1830 1062 1887 constat
1084 1823 1185 1887 fuisse
1209 1822 1311 1887 conie-

117 1925 200 1989 cen's
235 1925 289 2004 qui
323 1925 354 1988 iu
390 1924 439 1988 his
476 1926 703 2004 praesentibus
734 1932 768 1989 et
802 1927 959 1994 derivatis
994 1934 1028 1991 et
1061 1946 1125 1990 non
1156 1926 1314 1992 derivatis

118 2029 222 2095 vocali
253 2028 410 2108 producta
442 2030 562 2108 passim
594 2030 814 2094 desciscerent
843 2051 863 2095 a
891 2038 1023 2097 vetusta
1047 2030 1177 2095 dialecti
1200 2047 1314 2093 norma

117 2133 230 2196 euclem
254 2132 380 2195 ratione
404 2151 469 2211 qua
492 2133 710 2198 Athenienses
734 2133 905 2213 pristinum
930 2152 1022 2198 usuun
1040 2151 1143 2213 poene
1167 2131 1314 2196 funditus

117 2238 293 2318 abrogasse
317 2237 434 2316 partim
459 2237 597 2303 vidimus
621 2238 738 2318 partim
770 2257 844 2301 mox
875 2236 1065 2302 videbimus.
1112 2236 1215 2318 Quam
1240 2254 1312 2300 con·

116 2339 271 2403 iecturanr
306 2340 479 2404 adstruere
511 2341 615 2421 possis
648 2359 744 2406 versu
769 2339 1157 2421 Batrachotnyonrachiae
1187 2341 1228 2401 ub
1260 2338 1315 2416 qui

117 2441 185 2505 exit
207 2441 238 2506 iu
264 2442 365 2506 πολλὰ
390 2440 544 2524 δᾰκρΰων.

204 2547 241 2608 In
272 2545 332 2609 hoc
363 2550 455 2608 tanto
487 2545 701 2610 vetustiorum
731 2553 765 2608 et
788 2544 951 2625 epicorum
975 2551 1009 2607 et
1031 2543 1216 2608 melicorum
1240 2562 1312 2608 con·

117 2666 215 2712 seusu
238 2647 320 2711 satis
344 2653 421 2726 puto
446 2665 607 2726 apparere
635 2648 721 2727 quod
752 2648 904 2729 analogia
933 2649 1056 2728 requiri
1085 2648 1224 2712 diximus
1254 2666 1315 2713 usu

116 2751 164 2814 ita
187 2751 405 2830 comprobari,
438 2757 475 2815 ut
497 2750 693 2815 dubitationi
721 2752 762 2816 de
793 2751 957 2833 primitiva
988 2753 1109 2819 crocotis
1133 2782 1151 2817 υ
1173 2752 1206 2816 iu
1231 2752 1313 2816 deri·

118 2854 204 2920 vatis
226 2853 411 2933 quantitate
435 2853 543 2918 nullus
563 2853 767 2932 relinquatur
789 2853 926 2934 locus:²)
951 2873 1056 2934 pauca
1079 2874 1163 2934 quae
1186 2861 1314 2920 contra-

117 2955 253 3022 veniunt
283 2957 432 3037 exempta
461 2957 625 3021 homerica
656 2985 673 3020 v
701 2958 824 3021 habent
852 2957 959 3039 longis
990 2958 1151 3038 utrimque
1182 2959 1314 3023 circuni·

117 3059 239 3139 datum,
262 3058 296 3124 id
319 3062 404 3140 quod
427 3061 503 3124 mihi
527 3061 656 3140 quidem
679 3061 712 3126 in
742 3062 803 3126 hac
834 3079 941 3125 rerum
965 3061 1152 3127 condicione
1182 3062 1222 3127 de
1251 3081 1316 3141 qua

117 3165 248 3230 uberius
278 3167 414 3247 exposui
444 3166 659 3230 certissimum
690 3164 911 3246 productionis
942 3167 981 3229 ob
1005 3167 1235 3231 necessitatem
1258 3166 1312 3230 ad-

118 3269 269 3353 11158161)
294 3269 446 3333 indicium
469 3269 608 3348 videtur,
633 3268 826 3348 praesertim
851 3287 921 3332 cum
942 3268 1158 3332 recentiorum
1182 3287 1315 3333 consuc-

118 3373 261 3438 tudinem
304 3373 400 3454 longe
444 3373 607 3440 diversum
646 3371 823 3436 contuleris
869 3370 959 3434 cuius
1000 3376 1118 3434 testem
1158 3371 1315 3436 exhibebo

118 3476 324 3557 Apollonium
348 3475 518 3541 Rhodium.

206 3579 378 3668 ἐρητύοντο
406 3585 485 3647 03.
509 3584 583 3646 361.
609 3581 681 3645 123.
720 3581 750 3643 Θ
773 3579 846 3642 345.
884 3604 903 3661 y
928 3580 989 3642 155
1013 3574 1113 3660 (derv
1135 3582 1166 3640 B
1189 3578 1256 3659 15).

206 3682 394 3749 ἐπ-ῐθΰουσι
424 3689 454 3747 Σ
485 3686 562 3765 111),
601 3686 655 3750 ubi
686 3691 745 3750 aut
779 3685 966 3750 ἐπιθύνουσι
1003 3684 1208 3749 scribendum
1244 3700 1316 3746 esse

118 3795 177 3853 aut
210 3790 345 3854 verbum
377 3786 550 3871 ἐπί-31111)
581 3788 614 3853 iu
650 3795 762 3870 partes
793 3790 976 3858 vocandum
1007 3788 1160 3869 opinatur
1194 3786 1316 3852 vocalis

191 3930 210 3996 ¹)
230 3929 382 3996 Ambiguae
402 3946 547 3985 mensurae
567 3935 656 3986 rtrum
678 3932 710 3988 fr.
730 3930 822 3997 adesp.
842 3932 884 3994 90,
903 3934 918 3979 4
940 3927 991 3992 (111
1013 3927 1132 3989 119Β41.

190 4014 210 4081 ²)
230 4014 373 4070 Sententia
400 4017 436 4070 ab
465 4016 601 4071 Osthoifio
631 4017 741 4086 prolata
769 4015 832 4069 MU.
857 4015 895 4068 IV
920 4030 946 4082 p.
967 4014 1029 4066 XIV
1056 4014 1084 4066 in
1110 4012 1215 4066 Graeco
1243 4017 1317 4064 certe

118 4116 243 4155 sermone
263 4103 332 4155 nihil
352 4103 436 4157 habet
456 4121 508 4171 quo
528 4120 592 4158 vera
612 4119 671 4159 esse
691 4104 901 4157 [demonstretur.
932 4102 1097 4154 Graecorum
1117 4114 1196 4153 usum
1215 4097 1238 4152 si
1257 4099 1317 4166 quis

118 4188 245 4255 opinione
265 4206 319 4243 non
338 4190 529 4257 praeiudicata
550 4191 585 4244 ab
605 4189 779 4244 incunabulis
799 4188 951 4256 repetierit,
977 4186 1051 4241 ultra
1070 4186 1228 4253 praesentia
1246 4200 1317 4252 quse

118 4277 222 4333 cedunt
240 4280 268 4332 in
288 4279 345 4332 -ὖω
365 4281 392 4333 in
413 4279 543 4334 derivatis
562 4296 617 4333 nou
636 4278 771 4333 ascendet.

190 4368 211 4434 ³)
230 4367 362 4420 Thicrsch
382 4366 429 4419 Gr.
448 4367 541 4429 ΟΜ
563 4370 619 4431 168,
642 4371 652 4416 t
674 4363 736 4417 adn.
757 4379 800 4418 ex.

189 4459 209 4520 ⁴)
229 4457 387 4520 Agnoscunt
407 4455 539 4506 ἐπὶ-θύω
559 4450 721 4519 Apollonius
742 4450 876 4517 Rhodius,
895 4459 991 4503 auctor
1010 4449 1114 4503 oraculi
1131 4447 1183 4514 (ed.
1198 4445 1318 4511 Heuden)

981 4545 983 4549 ,
1055 4547 1056 4550 ,
1099 4537 1174 4580 W.
