2940 5026
711 190 926 262 „524

219 388 325 455 iudico
356 389 498 455 Homero
528 391 613 455 hanc
643 389 889 472 productionem
921 409 939 454 e
970 389 1040 454 sola
1062 388 1231 454 titulorum
1255 387 1419 471 scriptura

220 493 441 561 concludendo
475 494 645 561 collectam
680 494 873 576 obtrudere,
909 493 1000 560 cuius
1034 493 1185 575 exempla
1214 498 1336 575 poetae
1358 493 1420 575 ipsi

218 598 268 663 his
291 599 394 665 titulis
418 606 529 666 aetate
553 618 713 682 suppares
736 604 857 665 norunt
879 599 979 665 nulla.
988 598 1013 684 ¹)

306 703 396 788 Quas
420 705 459 769 ob
483 723 601 770 causas
624 706 708 770 hanc
727 703 973 786 productionem
995 703 1029 768 in
1052 702 1284 769 vocabulorum
1308 703 1419 768 formis

217 808 389 874 homericis
431 809 632 890 explicandis
674 827 746 874 meo
786 809 858 874 iure
900 828 951 874 me
993 826 1153 889 nusquam
1190 807 1225 872 in
1263 808 1419 874 auxilium

217 931 354 979 vocasse
378 914 528 980 arbitror.
536 913 564 1000 ²)

216 1086 280 1151 ΙΠ.
315 1088 372 1153 De
402 1088 670 1170 syllabarum
700 1085 1060 1168 productionibus
1089 1106 1196 1168 quae
1220 1087 1419 1170 digammi

274 1191 391 1256 inter
418 1192 594 1258 vocales
622 1191 756 1274 positi
784 1208 859 1272 ope
887 1190 1077 1258 effectae
1105 1193 1354 1258 creduntur.

304 1330 465 1396 Litteram
488 1331 562 1398 Van
586 1331 717 1417 vocales
741 1331 976 1397 antecedentes
991 1331 1173 1413 producere
1195 1331 1343 1398 valuisse
1368 1333 1418 1399 vel

216 1435 338 1518 passim
367 1435 454 1502 inter
484 1436 616 1503 vocales
645 1436 679 1502 in
710 1465 719 1501 ι
750 1454 943 1504 conversam
966 1454 1038 1502 esse
1062 1436 1155 1502 multi
1178 1436 1419 1503 contenderunt

216 1539 326 1607 multis
353 1540 433 1606 locis
464 1558 600 1621 quorum
631 1546 760 1622 partem
791 1540 940 1624 enotavi,
972 1541 1138 1624 ingentem
1169 1541 1312 1607 omnium
1345 1560 1417 1606 con·

216 1645 446 1726 ponendorum
476 1646 621 1712 laborem
651 1651 689 1712 ut
717 1646 865 1713 inutilem
888 1651 988 1728 atque
1010 1645 1113 1712 taedii
1135 1647 1267 1728 plenum
1292 1646 1417 1711 detrec-

214 1750 336 1836 tans.³)
382 1750 446 1835 Qui
476 1752 517 1817 de
546 1774 570 1835 f
595 1753 629 1818 in
657 1781 666 1818 ι
691 1757 817 1819 mutato
841 1751 1041 1833 fabulantur,
1065 1751 1181 1818 merito
1204 1751 1320 1817 reiecti
1343 1757 1418 1817 sunt

289 1961 310 2023 ¹)
330 1956 534 2026 Distingueuda
557 1968 622 2014 sunt
647 1961 829 2028 grammatico
852 1961 906 2015 duo
928 1959 1061 2015 vocabula
1080 1974 1150 2029 quae
1169 1974 1235 2013 usus
1253 1967 1339 2027 atque
1357 1975 1416 2014 oon·

215 2045 332 2101 suetudo
357 2054 473 2115 propter
496 2046 636 2116 quandam
662 2059 690 2104 et
715 2050 835 2104 notionis
860 2056 888 2103 st
913 2047 1019 2103 formae
1049 2055 1181 2102 externae
1210 2045 1416 2103 similitudinem

215 2131 279 2187 inde
298 2148 315 2186 a
333 2133 526 2188 vetustissimis
545 2135 715 2202 temporibus
733 2135 906 2191 confundere
921 2134 1003 2189 solet:
1026 2140 1047 2187 1.
1068 2137 1165 2188 ιῐλοιίω
1184 2134 1345 2203 ‘schlagen’‚
1364 2136 1417 2190 sire

216 2218 297 2275 radix
324 2218 409 2275 fuerit
436 2222 502 2292 ἄλο]
528 2223 584 2276 sive
612 2227 680 2295 ἄλο]
707 2239 756 2279 seu
786 2223 903 2291 denique
932 2225 1020 2286 dloo,
1051 2222 1127 2276 cuius
1154 2231 1278 2290 tempora
1306 2232 1417 2290 praeter

215 2321 347 2375 praesens
365 2315 395 2362 et
416 2300 605 2376 imperfectum
626 2326 641 2365 e
661 2311 731 2380 lege·
741 2310 775 2365 de
793 2332 811 2363 c
829 2326 899 2378 pura
924 2326 1007 2379 quam
1031 2326 1116 2380 supra
1140 2326 1166 2378 p.
1185 2317 1219 2364 48
1238 2311 1417 2366 tractavimus

216 2394 244 2448 in
262 2397 349 2462 ηοω,
368 2406 453 2463 4ηοιι
470 2403 535 2452 cett.
555 2397 681 2454 desinere
706 2398 815 2457 debent.
851 2397 948 2468 μηιέρ
969 2399 1086 2464 η’λόηοεν
1104 2402 1152 2455 Ar.
1172 2398 1242 2454 Rau.
1264 2403 1324 2455 149,
1354 2396 1415 2455 τοὺς

165 2551 167 2557 .
216 2486 342 2558 ὁμήρους
370 2487 544 2552 κατηλόησαν
572 2485 749 2551 Aeschini,
772 2490 828 2543 140.
866 2487 1010 2560 κατηηόων
1032 2485 1103 2540 Xen.
1132 2487 1230 2555 Cyrop.
1250 2485 1304 2540 Vll
1334 2492 1356 2553 1,
1377 2491 1415 2541 sl.

214 2576 240 2624 2.
271 2573 380 2624 ‹ilerde›
412 2589 433 2628 s.
466 2573 577 2636 Ιιέλοιιιίο
609 2571 762 2627 ‘drescben’
786 2572 938 2628 derivatum
970 2574 1005 2628 ab
1030 2568 1103 2632 ἅλως
1131 2588 1152 2627 s.
1184 2575 1258 2644 dipl
1291 2572 1415 2639 ‘Tenue’;

215 2658 289 2724 apud
307 2659 442 2713 Atticosr
466 2658 570 2726 amisit,
596 2658 644 2712 sed
668 2659 769 2714 retinet
792 2659 894 2713 vocalis
920 2659 1118 2714 intermortuae
1144 2659 1222 2726 quasi
1250 2659 1369 2715 indicem
1397 2667 1413 2712 ῐι

214 2744 335 2799 vocalem
365 2761 421 2799 non
448 2745 474 2799 in
496 2770 509 2811 η
529 2751 674 2802 mutatam.
712 2745 1298 2814 diceutes-ciuilem.Oecon.18,2.3.
1336 2745 1415 2816 Apud

214 2831 357 2887 Platonem
377 2832 483 2901 Theag.
504 2837 585 2888 latri
609 2834 683 2887 inter
700 2838 825 2908 θερίζειν
843 2835 953 2909 τρυγᾶν
972 2836 1109 2906 paratim
1126 2837 1257 2909 σπείρειν
1274 2843 1415 2904 comparet

214 2923 373 2979 ι’ῖλοιόιιωι.
413 2921 587 2983 dioscorus
606 2922 734 2980 Pherecr.
753 2920 833 2990 frgm.
854 2927 887 2976 οο
910 2922 924 2975 Ι
945 2926 993 2975 lot
1001 2920 1036 2980 K.
1054 2921 1152 2981 rBekk.
1176 2920 1280 2979 Anecd.
1305 2927 1365 2992 att,
1384 2927 1414 2976 28

214 3008 261 3063 ubi
279 3008 392 3065 additur
417 3010 448 3065 ιὸ
470 3010 500 3064 dl
524 3012 669 3081 συγκόψαι
695 3013 815 3080 πληγαῖς
840 3010 978 3076 silviam).
1016 3007 1147 3063 Confusio
1171 3008 1314 3077 utriusque
1339 3023 1414 3063 roca·

213 3098 272 3152 buli
290 3112 324 3153 eo
337 3097 484 3167 indicatur,
503 3098 574 3167 quod
588 3099 684 3153 alodo
704 3096 857 3153 ‘dreschen'
871 3120 885 3164 η
905 3099 944 3163 (et
955 3095 1093 3165 spiritum)
1106 3110 1141 3150 ex
1155 3099 1252 3150 clodo
1265 3095 1414 3164 ‘schlageu’

214 3185 362 3250 assumpsit
381 3184 510 3252 (αλοητός
524 3186 662 3254 didaces),
682 3187 779 3239 ιῖλοιίω
798 3183 949 3251 ‘schlagen'
960 3191 1054 3237 contra
1069 3206 1077 3235 ι
1092 3197 1127 3236 ex
1145 3184 1255 3238 άλιιάω
1274 3182 1319 3252 (ci.
1334 3187 1414 3240 α’λοοιι

215 3278 230 3322 1
247 3274 309 3338 5683
328 3274 493 3336 συνηλοίησε
513 3269 649 3327 Theocrit.
669 3269 751 3326 XXII
772 3273 839 3342 128).

284 3357 343 3411 Ηοο
362 3374 394 3414 co
413 3357 522 3415 facilius
540 3360 698 3415 usuvenire
715 3360 815 3429 potuit,
834 3357 905 3428 quod
923 3359 1001 3413 iuxta
1015 3357 1151 3414 extabant
1169 3365 1234 3414 noto
1248 3357 1296 3413 illo
1316 3358 1414 3413 suffixo

214 3473 246 3482 -
266 3449 311 3504 ίας
330 3445 366 3499 ab
386 3447 438 3500 cllo
458 3444 584 3502 derivata
603 3451 777 3520 πατραλοίας
803 3449 861 3517 (Ar.
880 3447 950 3501 Rau.
971 3451 1036 3514 tlt,
1055 3446 1101 3514 qui
1122 3452 1171 3498 149
1191 3444 1299 3501 dixerat
1318 3445 1414 3519 μητέρ’

214 3531 357 3601 η’λόησεν),
383 3537 565 3609 μητραλοίας.
592 3564 624 3574 -
645 3537 804 3601 ἐπαλώσοης
834 3534 903 3592 Xen.
929 3533 1028 3589 Oecon.
1057 3539 1138 3604 18‚o
1163 3549 1218 3588 non
1245 3548 1281 3588 ex
1305 3537 1414 3590 ‹floreio›

212 3617 307 3688 fluxit,
327 3619 375 3675 sed
395 3620 504 3677 ducitur
522 3626 598 3675 recto
616 3622 729 3676 tramite
753 3638 771 3677 a
796 3623 906 3678 nomine
930 3618 1004 3681 ἅλιος
1030 3623 1124 3690 (ἄλως)
1146 3622 1223 3676 cuius
1248 3623 1362 3690 stirpem
1387 3624 1414 3676 iu

213 3725 230 3759 σ
254 3707 354 3764 exiisse
382 3708 446 3763 hinc
473 3709 609 3766 discimus.
646 3709 740 3763 Pauca
765 3709 798 3764 de
824 3710 867 3767 nis
890 3709 1031 3765 vocabulis
1056 3709 1218 3765 adnotanda
1243 3712 1353 3779 putavi,
1381 3725 1414 3764 ne

213 3796 272 3865 quis
292 3813 325 3852 ex
344 3799 383 3852 eia
403 3796 538 3852 Bechtelii
556 3798 713 3852 sententiae
733 3796 826 3853 fautor
844 3799 977 3853 auxilium
996 3804 1090 3867 petere
1110 3797 1229 3851 animum
1248 3797 1372 3854 inducat.

284 3885 306 3954 ²)
324 3883 479 3955 Smythium
503 3885 549 3954 qui
574 3890 617 3940 EI
636 3900 663 3952 p.
685 3889 716 3938 to
735 3900 792 3954 sqq.
817 3886 868 3941 has
890 3901 935 3942 res
960 3886 1065 3955 attigit,
1085 3891 1115 3939 ut
1133 3893 1227 3939 mmen
1244 3885 1315 3938 nihil
1333 3883 1414 3953 profi·

212 3980 295 4038 caret,
314 3973 469 4028 nominasse
488 3974 558 4029 satis
576 3972 673 4040 habeo,
693 3972 751 4028 eius
770 3972 898 4040 exempla
917 3971 976 4028 lere
988 3974 1081 4027 omnia
1100 3972 1128 4025 in
1147 3972 1336 4039 disputatione
1354 3973 1414 4039 ipsa

212 4063 391 4118 tractaturus.
411 4090 445 4100 -
465 4061 710 4128 Quaestiunculam
735 4060 769 4116 de
794 4066 886 4137 lapte.-
911 4065 1011 4135 ἱερεῖα·
1030 4065 1121 4131 ἱέρεια
1138 4060 1218 4114 initio
1243 4060 1307 4114 huic
1330 4059 1415 4127 capiti

213 4144 380 4202 destinatam
400 4164 471 4203 nunc
490 4150 623 4217 epimetro
644 4164 784 4205 reservare
803 4149 985 4217 opportunius
1004 4148 1077 4204 duxi.

284 4234 305 4304 ³)
324 4237 423 4291 Damas
441 4229 564 4295 'Miscell
592 4238 651 4293 crit.
681 4239 734 4307 (ed.
760 4238 809 4304 IV)
837 4242 887 4291 296
913 4253 970 4306 sqq.
1006 4233 1138 4289 Thiersch
1162 4233 1209 4291 Gr.
1233 4234 1293 4295 Gr.¹
1318 4253 1344 4306 p.
1363 4242 1413 4290 tlt

212 4320 306 4391 5166,
328 4328 367 4379 12.
405 4323 510 4393 Benfey
536 4323 582 4378 Gr.
605 4325 738 4381 Wuraell.
762 4325 776 4378 1
800 4330 842 4381 85.
879 4322 965 4378 Sachs
989 4321 1022 4377 de
1042 4322 1180 4391 digammo
1199 4329 1233 4376 24
1252 4340 1293 4394 sq.
1330 4322 1413 4380 Cobet

211 4408 244 4465 V.
264 4409 296 4467 L.
315 4409 367 4478 (ed.
387 4409 426 4478 ΙΙ)
445 4416 504 4464 407.
541 4411 635 4466 Christ
662 4412 814 4467 Lautlehre
835 4416 891 4468 193.
919 4416 976 4468 197.
1012 4408 1083 4465 Ebel
1102 4410 1159 4466 KZ.
1178 4410 1205 4464 11
1224 4417 1266 4465 et.
1298 4411 1336 4466 IV
1358 4416 1412 4465 158.

212 4494 294 4551 Kuhu
314 4497 350 4555 ib.
369 4497 408 4551 lV
427 4503 459 4551 93
480 4515 519 4567 sq.
557 4498 700 4566 Legerlotz
727 4496 805 4555 Misc.
824 4499 885 4556 crit.
905 4504 928 4557 9.
951 4504 1012 4556 lac.
1040 4506 1097 4556 not.
1116 4505 1158 4556 20.
1195 4498 1252 4554 KZ.
1278 4500 1331 4555 VII
1355 4505 1412 4556 ael.
