2940 5026
683 206 731 238 -‘
771 194 832 256 roc
880 229 919 238 -

202 385 287 463 ἑννὸς
317 384 350 449 in
384 404 447 466 quo
482 383 652 466 quominus
681 405 704 466 f
731 382 881 449 consonis
916 381 1124 447 circumdatis
1160 381 1256 463 quasi
1288 380 1400 447 elisum

200 489 291 573 prius
315 488 489 556 evanuisse
519 506 617 567 quam
647 486 681 552 in
709 487 798 568 s‘vs'ya
822 486 896 568 lisa
928 491 1113 553 statuamus
1143 486 1224 552 nihil
1254 485 1399 567 impedit,

200 594 296 660 facile
325 612 387 659 usu
422 591 534 661 venire
563 590 672 672 potuit
701 596 738 656 ut
768 618 786 655 ν
815 591 1016 673 geminatum
1045 591 1132 657 falsa
1161 610 1259 672 quam
1291 590 1402 656 dicunt

200 697 354 781 analogia
377 698 418 763 ad
434 697 592 762 numeral.
616 694 868 762 transferretur:
894 696 981 761 unde
1005 694 1113 764 evasit
1126 695 1233 761 forma
1257 694 1401 777 volgaris

200 804 307 886 έννέΙα
331 832 363 858 >
389 800 523 886 tantast)

286 906 388 973 Simul
412 910 512 987 atque
527 905 630 989 *scrop
648 904 781 990 (ἥντινα)
799 903 924 990 *deleget
947 904 1124 971 secundum
1148 903 1283 986 liuguae
1307 923 1399 986 grae·

199 1032 257 1078 cae
280 1012 371 1094 leges
393 1010 427 1076 in
457 1011 530 1093 ἕντο
567 1012 641 1075 δέκα
676 1014 804 1075 mutata
827 1013 920 1090 sunt,
950 1009 994 1075 ad
1016 1007 1261 1076 similitudinem
1285 1026 1401 1075 vocum

200 1118 291 1182 dc'aa:
315 1116 447 1191 δέκατος
462 1115 656 1181 vocabulum
672 1134 793 1182 novum
810 1115 940 1197 i'vforog
964 1113 986 1198 (z
1004 1114 1077 1198 sisa
1093 1144 1116 1168 =
1133 1114 1286 1190 δέκατοςτ
1313 1114 1401 1198 δέκα)

198 1220 322 1285 iactum
345 1218 506 1298 estquod
529 1220 642 1309 subest
663 1218 826 1285 homerico
852 1220 987 1298 εἰτοτος,
1011 1218 1112 1286 attico
1137 1219 1259 1296 ἔνατος.

286 1324 325 1389 In
352 1322 585 1404 compositione
608 1328 778 1406 comparet
807 1327 885 1389 ante
908 1341 1069 1389 consonas
1093 1325 1178 1388 cira-
1210 1321 1288 1406 (att.
1314 1321 1400 1408 ἕνα)

197 1428 217 1493 1.
250 1446 278 1492 e.
318 1425 454 1510 *corp-3
494 1432 571 1492 ante
609 1428 741 1495 vocales
778 1434 889 1495 autem
927 1428 1080 1510 quoniam
1119 1449 1141 1512 p
1178 1427 1212 1493 in
1253 1449 1274 1491 u
1311 1427 1402 1494 abire

197 1549 332 1598 necesse
356 1536 441 1613 erat,
471 1550 542 1597 cum
565 1533 819 1599 maximasque
841 1534 942 1600 habet
965 1533 1105 1621 ἐννῆμαρ
1128 1534 1148 1599 i.
1173 1553 1201 1599 e.
1227 1536 1400 1621 ἐντνῆμοο,

197 1635 269 1704 sive
291 1628 381 1721 ἦμαρ
405 1634 479 1701 olim
503 1654 622 1703 revera
645 1656 665 1702 a
692 1637 799 1705 vocali
820 1637 943 1720 incepit
972 1638 1043 1707 sive
1066 1657 1086 1705 a
1110 1657 1254 1704 consona
1282 1645 1400 1721 postea

197 1855 256 1917 τοῖς,
275 1852 420 1920 ναζτὰῂὰς
441 1851 588 1922 τιοτ(ὶ)τὸν,
609 1851 765 1923 nostruin
789 1853 858 1910 haec
878 1854 1079 1910 distributionis
1097 1855 1176 1924 quatri
1195 1855 1252 1911 lex:
1272 1855 1400 1926 syllabae

196 1940 232 1996 ab
256 1940 351 1996 eadem
376 1956 497 1995 consona
518 1939 553 2009 (τ)
581 1941 740 2009 incipientes
760 1958 830 2009 quae
858 1942 934 1997 nullo
958 1942 1105 1997 intervallo
1133 1943 1349 2012 continuantur,
1377 1944 1399 1998 si

196 2028 330 2083 vocales
350 2026 494 2082 dissimiles
507 2037 580 2096 suut,
600 2028 687 2083 solam
701 2029 822 2084 vocalem
835 2031 935 2098 prioris
950 2030 1102 2098 excutiunt,
1121 2029 1269 2085 sinautem
1285 2031 1399 2099 similes,

195 2131 315 2171 consona
345 2115 458 2170 initialis
485 2132 540 2171 una
570 2132 631 2169 cum
658 2117 746 2171 vocali
773 2117 899 2172 abicitur.
942 2117 994 2185 Qui
1021 2116 1125 2173 καττόν
1152 2115 1259 2174 ποττὸν
1288 2117 1401 2174 ττοτττὶν

195 2204 273 2258 iuxta
292 2202 382 2258 ποττὰ
404 2202 495 2259 καττὶν
514 2206 584 2258 κατὰ
611 2203 702 2259 dicere
726 2213 923 2260 consueverant
945 2207 991 2259 vix
1008 2206 1077 2260 satis
1096 2220 1192 2260 cavere
1210 2213 1346 2272 poterant
1365 2222 1399 2261 ne

195 2290 341 2345 hincinde
361 2291 445 2345 etiam
465 2291 570 2347 καττὰν
590 2291 676 2347 καττὰ
706 2295 846 2361 geminata
871 2309 991 2349 consona
1010 2293 1063 2348 sibi
1080 2301 1177 2348 contra
1195 2293 1285 2362 legem
1306 2293 1397 2349 indul·

195 2387 298 2447 gerent.
318 2379 464 2434 -Etiam
489 2379 597 2448 longius
620 2381 742 2435 eiusdem
760 2380 821 2434 viae
841 2395 1000 2448 progressos
1022 2381 1173 2437 Neolocros
1197 2382 1398 2450 praepositioni

195 2470 265 2521 κατὰ
286 2471 352 2522 ante
371 2483 463 2522 omnes
483 2467 592 2521 articuli
611 2466 716 2522 formas
733 2466 886 2523 collocatae
903 2469 1039 2538 syllabam
1064 2467 1176 2524 finalem
1204 2476 1295 2524 totam
1325 2469 1396 2524 dem·

195 2553 282 2619 psisse
307 2551 470 2608 Hatzidakis
488 2555 567 2608 testis
590 2561 633 2608 est
657 2553 724 2622 (KZ.
743 2553 823 2608 XXX
847 2560 898 2610 385
918 2560 968 2625 sq.)
991 2556 1038 2624 qui
1057 2564 1130 2610 recte
1155 2555 1277 2624 explicat
1303 2555 1396 2625 κατὰ)

195 2640 240 2704 τὰ,
260 2640 404 2710 κο1τ11τῆν
422 2650 485 2695 cett.
505 2641 695 2696 dissimulandi
713 2641 805 2696 studio
823 2651 967 2697 contracta
986 2656 1045 2697 esse
1064 2641 1210 2698 adnotans.
1229 2673 1261 2683 -
1275 2645 1395 2714 Praepo-

194 2728 322 2783 sitiouem
349 2748 385 2781 κα
412 2726 519 2796 tingunt
545 2728 678 2783 Baunack
707 2728 736 2782 C.
756 2727 831 2783 Stud.
852 2729 877 2781 X
899 2735 948 2783 109
968 2745 1025 2798 sqq.
1055 2736 1083 2784 ot
1110 2729 1216 2798 Spitzer
1235 2729 1330 2785 Lautl
1349 2731 1396 2786 des

195 2815 255 2872 crk.
283 2815 356 2869 Dial.
386 2820 418 2868 ta
445 2818 544 2870 contra
571 2830 639 2884 quos
668 2814 793 2884 disputat
820 2816 909 2888 Geyer
935 2817 1046 2876 Observ.
1072 2819 1157 2886 epigr.
1183 2816 1218 2872 de
1236 2834 1334 2887 praep.
1356 2825 1394 2873 11.

193 2902 321 2971 Plerique
348 2901 438 2956 solent
464 2902 520 2956 sive
548 2901 582 2956 de
609 2902 740 2971 lapidarii
770 2904 909 2959 erroribus
939 2905 1064 2973 cogitare
1094 2903 1255 2971 κα<τ1ταυτὰ
1286 2906 1394 2976 ntiqui

193 2991 345 3046 scribentes
363 2991 420 3045 siro
444 2989 478 3045 de
502 2990 623 3060 quadam
641 2993 858 3062 orthographiae
877 2994 1072 3048 consuetudine
1090 2993 1167 3047 cuius
1191 2994 1321 3061 exempla
1340 3011 1394 3049 nou

194 3079 293 3134 desunt
311 3077 356 3142 (G.
376 3079 483 3149 Msysr²
502 3080 518 3151 ξ
538 3085 587 3134 181
606 3095 632 3148 p.
653 3087 711 3135 118.
749 3082 863 3138 Bechtcl
881 3080 918 3137 ad
937 3082 1036 3136 Collitz
1055 3097 1095 3136 nr.
1118 3086 1192 3134 1119.
1220 3081 1328 3136 Inschr.
1347 3081 1394 3137 des

103 3173 108 3180 '
190 3168 248 3236 jon.
267 3167 341 3221 Dial.
363 3173 409 3237 10,
430 3173 478 3232 11).
500 3198 530 3206 -
551 3167 631 3236 Quod
655 3170 799 3239 loquentes
824 3170 948 3224 homiues
974 3169 1160 3237 admiserunt,
1184 3178 1216 3222 ut
1240 3168 1395 3226 atterame

193 3251 299 3307 duabus
312 3251 425 3324 syllabis
444 3255 518 3307 inter
536 3269 565 3309 sc
577 3255 712 3310 similibus
731 3257 810 3326 quasi
822 3256 1017 3319 transsumam,
1036 3255 1108 3310 idem
1128 3273 1161 3310 ne
1180 3256 1254 3310 inter
1272 3256 1393 3312 scriben-

194 3338 257 3394 dum
282 3340 391 3409 quidem
416 3357 523 3410 semper
549 3343 653 3397 evitare
681 3344 823 3400 valebant:
855 3343 903 3399 sed
930 3342 1004 3412 quod
1032 3344 1076 3397 hic
1103 3358 1185 3412 saepe
1214 3359 1232 3397 a
1259 3345 1394 3399 sermonis

192 3427 336 3482 cottidiani
353 3445 405 3484 usu
424 3430 554 3498 recipitur
573 3440 600 3485 et
626 3432 703 3486 nobis
728 3449 835 3501 quoque
859 3431 887 3485 in
912 3431 1024 3486 edendis
1052 3430 1108 3486 sive
1132 3429 1220 3484 titulis
1245 3431 1303 3487 sire
1331 3433 1393 3489 aliis

192 3514 302 3584 scriptis
320 3514 356 3570 ad
384 3517 549 3585 optimorum
573 3519 682 3573 testium
708 3517 789 3572 fidam
813 3516 993 3584 retinendum,
1016 3517 1073 3571 illic
1096 3516 1193 3570 vitium
1226 3526 1268 3572 est
1293 3518 1393 3574 editori

192 3602 359 3671 tollendum,
386 3604 461 3659 velut
484 3605 587 3659 Canen*
610 3620 651 3658 nr.
670 3609 774 3668 23t,=
794 3603 890 3659 Collitz
916 3619 956 3657 nr.
980 3608 1046 3657 1410
1073 3601 1149 3658 haud
1173 3603 1229 3659 scio
1252 3621 1288 3658 an
1309 3613 1324 3660 5
1343 3605 1393 3661 τὸν

191 3689 350 3761 στραταγὸν
377 3693 424 3746 αἐὶ
453 3689 502 3745 τὸν
530 3691 673 3762 ἔναρχ(ον)
694 3693 762 3746 ὄντα
781 3690 814 3746 τὰ
845 3694 875 3745 ἐν
905 3693 1048 3747 Αἰτωλίαν
1075 3692 1259 3762 καταγόμενα
1290 3693 1392 3748 collato
1434 3710 1437 3713 ’

192 3777 260 3832 coll.
274 3795 315 3836 nr.
331 3779 421 3833 15311)
443 3784 474 3833 10
493 3783 607 3850 drappos
627 3781 706 3838 ὄντες
726 3778 765 3833 sic
783 3787 814 3833 ut
832 3777 885 3833 feci
901 3778 1100 3833 restituendum
1119 3778 1393 3851 1111111(ἐνα’ρχοντα

191 3865 302 3920 Boeckh
317 3866 394 3934 Fick,
414 3869 534 3936 ἔναρχον
553 3864 587 3917 τὰ
608 3867 639 3918 ἐν
657 3866 782 3919 Αἰτωλία
801 3868 856 3921 κτλ.
877 3868 987 3932 Cauer).
1024 3866 1068 3922 Ad
1088 3868 1184 3923 talium
1203 3871 1391 3937 exemplorum

191 3953 398 4008 similitudinem
425 3953 513 4022 possis
538 3953 621 4006 etiam
650 3951 683 4006 de
709 3953 907 4020 ἐν(εν)ο’νοντα
933 3952 1091 4020 reponendo
1115 3955 1239 4023 cogitare
1267 3956 1312 4025 (cf.
1332 3960 1391 4012 κατ’

192 4041 260 4096 αὐτὸ
280 4041 410 4112 Hesychii
429 4041 526 4095 vitiose
544 4041 676 4108 scriptum
694 4056 745 4107 pro
764 4040 834 4096 κατὰ
856 4043 962 4110 ταύτό).
1146 4037 1153 4041 ”

264 4130 282 4198 ι)
300 4131 414 4188 ἐννάκις
434 4128 565 4189 tardius
585 4131 771 4195 ἐννενήκοντα
789 4136 855 4184 suut
872 4144 975 4198 pravae
1000 4128 1144 4198 lectiones,
1168 4147 1193 4185 τ.
1212 4130 1346 4187 Kuehner
1364 4132 1390 4185 1¹

190 4221 238 4269 181
264 4224 319 4272 not.
356 4214 555 4269 Meistsrhans²
582 4221 638 4276 125.
661 4216 776 4271 Becbtel
800 4217 905 4278 Inschr.
929 4216 977 4272 des
998 4218 1057 4287 jon.
1080 4218 1153 4277 Dial.
1179 4236 1219 4273 nr.
1242 4224 1290 4277 114
1316 4221 1337 4274 G
1357 4226 1388 4278 21

191 4305 388 4369 ἐντνηκόντων.
409 4332 439 4341 -
460 4303 529 4356 Sunt
547 4303 594 4373 qui
619 4325 653 4359 νν
676 4305 749 4372 apud
779 4307 886 4360 Atticos
913 4306 1047 4375 Ionesquo
1074 4307 1102 4360 in
1129 4308 1172 4362 his
1200 4324 1234 4362 ex
1263 4325 1297 4379 rs
1324 4305 1390 4366 oriri

189 4390 313 4465 potuisse
332 4389 447 4444 credant
463 4389 539 4447 salut
557 4389 670 4447 esthon
685 4392 749 4448 MU.
768 4392 782 4446 I
803 4398 852 4449 123
871 4399 943 4461 not,
968 4393 999 4448 G.
1019 4393 1131 4464 Meyer,
1149 4394 1245 4466 Smyth
1266 4395 1284 4449 l.
1304 4397 1323 4451 1.
1342 4404 1388 4466 tt;

189 4494 256 4556 quos
281 4477 381 4534 erroris
405 4478 572 4535 convincunt
594 4482 702 4542 τίνα’κτς
722 4503 753 4530 =
774 4483 884 4549 iccium
910 4488 1022 4545 εἴνατος
1040 4508 1073 4528 =
1092 4487 1205 4552 ἔνατος,·
1231 4487 1387 4543 ἐνακόσιοτ.
