2940 5026
714 199 928 264 ...78-

219 393 260 457 de
290 410 325 457 re
349 391 416 474 egit
439 391 679 474 Wackernagel
704 398 740 456 ut
769 390 854 455 solet
876 391 1008 475 egregie
1036 398 1071 457 et
1093 391 1201 458 omnia
1231 391 1304 459 iere
1335 411 1412 459 com-

218 495 350 578 plexus,
382 494 440 560 aed
462 495 511 560 ita
533 501 643 561 tamen
667 500 704 560 ut
726 513 832 576 pauca
855 494 1007 562 addenda
1038 495 1199 562 demenda
1222 496 1413 579 corrigenda

178 613 179 617 ’
218 601 403 670 videantur.
1040 600 1047 609 '

305 705 430 772 IndicIa
453 705 568 785 quibus
592 705 665 770 Van
688 703 863 784 aliquando
887 703 920 769 in
946 703 1060 770 mediis
1083 703 1219 770 vocibus
1243 710 1322 786 post
1344 725 1411 771 con·

218 829 330 875 sonam
353 810 458 875 locum
482 809 636 874 habuisse
659 825 837 892 cognoscas
860 809 942 874 baec
965 814 1057 875 sunt:

308 918 335 978 1.
359 912 547 979 testr‘monia
569 911 815 993 inscriptionum
840 917 874 978 et
896 917 1054 980 veterum.

305 1020 335 1082 2.
360 1016 568 1101 etymologia.

302 1126 332 1187 3.
357 1120 579 1202 discrepantia
602 1120 797 1201 quantitatis
819 1121 1003 1189 homericae
1026 1122 1078 1209 (—)
1102 1128 1137 1189 et
1160 1123 1285 1190 atticae
1308 1122 1324 1209 (
1356 1127 1377 1205 ).

302 1227 386 1293 Nam
418 1226 525 1306 quoad
556 1224 706 1292 novimus
737 1244 777 1292 ea
804 1226 889 1294 ratio
917 1245 1000 1308 qnae
1022 1225 1200 1293 intercedit
1220 1227 1312 1294 inter
1334 1228 1412 1295 bom.

216 1331 370 1418 γούνατος
394 1331 507 1415 δουρός
530 1336 564 1395 et
579 1335 638 1396 att.
655 1330 790 1415 γόνατος
815 1331 918 1415 δορός,
942 1331 970 1396 si
993 1348 1098 1413 pallea
1117 1349 1202 1411 (111116
1217 1330 1414 1413 peculiarem

217 1434 413 1518 explicatum
440 1435 563 1501 habent
590 1434 748 1517 excipias,
773 1455 837 1502 non
861 1435 1028 1505 invenitur
1050 1434 1113 1501 nisi
1135 1435 1169 1500 in'
1192 1436 1414 1503 vocabulisin

216 1539 332 1621 quibus
355 1539 430 1605 olim
454 1557 629 1605 consonam
652 1538 818 1622 digamma
840 1539 1083 1620 insequebatur.

303 1644 417 1723 Neque
440 1644 525 1711 enim
548 1644 728 1727 persuadet
750 1644 1001 1727 Bezzenberger
1024 1643 1107 1729 (ΒΒ.
1131 1644 1198 1711 VH
1221 1645 1265 1711 66
1289 1646 1356 1730 sq.)
1378 1645 1414 1710 dc

215 1749 380 1836 dfpdopsas
422 1748 501 1834 (ion.
537 1747 666 1835 ΐιρῶμαι
708 1753 767 1815 att.
804 1750 930 1833 ἃρῶμαι
968 1749 1050 1815 aeol.
1088 1748 1194 1834 ἐπάρα
1233 1749 1412 1835 incipero&

214 1854 374 1940 κάταργος
396 1872 501 1935 nuper
523 1854 557 1920 in
579 1853 675 1920 titulo
699 1853 809 1920 arcad.
834 1853 1041 1939 comparuit),
1070 1852 1168 1939 κάγλη
1191 1853 1268 1938 (att.
1292 1855 1376 1941 κάλη
1396 1885 1414 1910 =

212 1960 276 2025 ion.
301 1959 406 2045 κήλη),
433 1957 529 2040 cisto}
553 1957 743 2043 (ο11.ἄλοξ,·
768 1951 963 2039 601.ι11αξ,·
990 1957 1155 2041 ὁμώλακες
1176 1959 1286 2041 Apoll.
1312 1959 1412 2027 Rbod

213 2063 248 2128 ΙΙ
270 2065 344 2130 396.
370 2064 526 2147 όλιγῶλαξ
543 2062 611 2127 ΑΡ.
629 2063 678 2127 VI
694 2064 767 2144 226,
787 2067 819 2144 1;
844 2068 881 2127 at
902 2061 942 2127 of.
958 2063 1080 2128 bomer.
1103 2060 1210 2144 fultam
1234 2059 1288 2148 [L.
1301 2064 1413 2148 Meyer

212 2167 286 2250 Vgl.
311 2166 368 2233 Gr.
398 2165 434 2231 I’
463 2163 538 2253 862]
574 2165 626 2231 cui
656 2187 679 2247 s
706 2164 832 2232 initiale
863 2165 1029 2248 denegare
1059 2185 1124 2232 non
1158 2166 1274 2233 debuit
1304 2169 1346 2233 V.
1378 2169 1412 2235 D.

212 2278 347 2355 propter
364 2277 398 2336 N
413 2272 486 2336 707.
513 2297 532 2335 σ
548 2271 612 2336 315
636 2275 671 2336 et
685 2268 842 2353 Hesyobii
865 2270 964 2334 ι’ῶλιια
981 2269 1001 2333 1.
1019 2288 1047 2334 e.
1059 2274 1166 2352 [ὦλκα
1174 2269 1216 2355 1))
1240 2270 1411 2355 disputans

212 2383 246 2443 et
268 2396 350 2444 cave
372 2375 469 2442 fidem
497 2375 621 2441 habeas
649 2373 814 2440 erroribus
838 2392 918 2455 quos
947 2373 1121 2440 hincinde
1144 2373 1200 2440 alii
1230 2375 1296 2442 viri
1329 2377 1411 2445 docti

212 2481 404 2563 propinant,
429 2478 521 2546 velut
544 2478 583 2543 G.
608 2479 723 2562 Meyer
746 2477 774 2563 (³
797 2477 817 2564 ᾖ
841 2480 883 2544 db
906 2498 937 2560 p.
962 2478 1018 2563 18)
1042 2478 1116 2546 aliis
1139 2480 1332 2548 auctombus
1356 2488 1410 2548 att.

211 2583 304 2663 κᾰλὸς
327 2604 368 2651 ex
391 2583 634 2667 gallicantum
659 2601 732 2648 esse
763 2583 978 2677 contendens,¹
1002 2583 1193 2651 senscritico
1217 2583 1317 2670 aalys
1341 2605 1409 2654 oon·

210 2690 336 2776 fisus;²)
354 2688 388 2776 (ξ
405 2691 467 2755 291
484 2707 515 2770 p.
530 2687 608 2772 282)
625 2687 678 2772 ἔνη
695 2687 752 2751 Ar.
765 2686 906 2752 Acharn.
924 2688 995 2752 112.
1012 2686 1138 2755 Eccles.
1156 2692 1229 2758 196.
1247 2690 1408 2758 Theocrit.

211 2795 328 2861 XVIII
353 2797 403 2875 14,
434 2792 558 2858 hesiod.
583 2793 695 2878 ἔννηφι
719 2790 802 2873 Opp.
826 2793 907 2873 410,
938 2790 993 2857 ubi
1015 2790 1140 2858 hiatum
1164 2795 1326 2877 exemplis
1349 2815 1408 2863 non

210 2898 409 2984 carentem³)
432 2897 588 2964 restituas
612 2898 645 2974 ἔς
668 2923 702 2962 τε
725 2896 830 2983 ἔνηφι,
854 2915 927 2962 curn
943 2894 1015 2961 aliis
1039 2915 1080 2962 ex
1103 2898 1178 2980 cuju
1201 2897 1294 2983 (sort.
1319 2921 1408 2985 onya

282 3092 304 3160 ¹)
321 3092 380 3146 lloc
398 3089 494 3143 vitium
515 3088 542 3141 in
561 3086 655 3142 lexicis
673 3102 743 3155 quae
759 3093 782 3140 T
798 3091 853 3141 ΓΡ
871 3100 922 3154 pro
942 3083 1081 3154 digammo
1100 3086 1205 3142 habent
1224 3104 1280 3144 non
1299 3091 1407 3160 mirum

209 3179 244 3236 cf,
263 3176 393 3248 Hesychii
412 3180 502 3234 ἰέττας
522 3175 600 3243 ἱέρας
620 3199 653 3217 --·
671 3180 767 3234 τέττας
785 3181 876 3248 τέρας.
900 3172 984 3228 Adice
1003 3173 1068 3233 Hes.
1087 3176 1172 3236 λαιός·
1192 3177 1347 3252 ἀριστερὸς
1364 3186 1407 3234 καὶ

210 3268 275 3326 λαός
293 3264 311 3318 ί.
324 3279 348 3320 e.
368 3264 456 3323 λαιός·
477 3263 625 3336 decoreque
643 3268 671 3316 et
689 3263 777 3331 λαγός·
797 3262 865 3320 λαός
885 3260 978 3326 (aliter
996 3260 1034 3319 M.
1049 3260 1196 3333 Schmidt);
1215 3268 1305 3327 ναιός·
1326 3269 1407 3329 οἶκος.

210 3354 286 3412 ναός.
305 3358 352 3404 καὶ
372 3352 451 3414 νεώς,
471 3347 542 3417 quod
561 3346 697 3414 posterius
716 3346 878 3402 vocabulum
891 3348 1047 3416 genetivum
1066 3349 1139 3404 vocis
1159 3352 1229 3411 ναῦς
1246 3367 1309 3409 esse
1326 3356 1408 3425 suspi-

210 3455 256 3493 cor
275 3443 305 3494 ut
324 3437 476 3492 habeamus
496 3436 615 3504 glossam
634 3440 776 3490 consutam
790 3436 878 3495 ναιός·
899 3436 986 3501 οἰκος,
1005 3438 1074 3497 ναός
1093 3435 1136 3505 (ci.
1156 3437 1408 3500 oditorIsJenensis

208 3525 312 3594 adnot.)
332 3532 361 3579 et
379 3526 471 3596 ausdr‘
489 3526 566 3583 νεώς.
1404 3565 1407 3573 .

280 3613 301 3678 11
320 3609 426 3666 Eodem
444 3611 504 3664 iure
522 3610 550 3663 in
571 3611 631 3669 υἱός
649 3613 660 3663 ι’
678 3627 711 3664 ex
730 3629 747 3662 ο
773 3615 863 3663 ortum
889 3625 948 3665 esse
973 3610 1074 3666 collato
1102 3628 1152 3666 scr.
1172 3624 1258 3670 ιοιιιιι
1276 3618 1408 3676 crederes.

209 3700 271 3754 ΕΜ,
292 3703 333 3766 34,
356 3704 386 3751 ιο
414 3697 602 3752 testimonium
627 3697 691 3750 αἲλα
717 3698 782 3750 αντὶ
803 3696 851 3749 τοῦ
876 3697 947 3751 καλὰ
968 3701 1094 3769 Κύπριοι
1120 3699 1161 3754 ita
1184 3712 1344 3770 corruptum
1370 3714 1409 3761 est

208 3787 280 3842 unde
300 3785 335 3841 ad
354 3787 488 3854 originem
508 3786 580 3841 vocis
599 3786 683 3844 καλός
701 3781 894 3838 illustrandam
914 3783 984 3838 nibil
1003 3784 1124 3841 lucreris.
1157 3785 1210 3855 oui
1229 3787 1312 3846 aliter
1330 3792 1409 3847 senti·

208 3882 272 3941 unt,
305 3874 376 3928 iusto
403 3872 540 3927 incautius
567 3878 595 3927 et
622 3870 737 3926 calidius
765 3878 865 3941 agunt,
893 3872 1007 3928 Meister
1035 3874 1117 3929 Disll.
1143 3874 1170 3929 Il
1198 3880 1249 3931 268
1277 3877 1408 3934 Baunack

208 3961 284 4016 Stud.
304 3961 317 4015 Ι
338 3967 360 4026 l,
383 3965 421 4016 18.
458 3961 549 4015 Possis
568 3966 677 4014 tentare
696 3961 760 4013 allo
779 3963 844 4015 α’ντὶ
865 3961 914 4013 τοῦ
935 3964 1004 4014 ἄλλα
1024 3962 1068 4030 (ex
1081 3962 1185 4035 ‘ddjuh
1205 3962 1239 4018 cf.
1253 3964 1287 4019 G.
1301 3965 1408 4036 Meyer·¹

208 4049 316 4118 §illa
341 4064 367 4116 p.
388 4052 445 4106 122,
482 4048 539 4103 Neo
564 4047 627 4116 plus
652 4046 827 4102 tribuendum
853 4047 984 4116 Hesycbii
1008 4049 1117 4116 glossae
1143 4048 1277 4107 obscurae
1303 4057 1407 4108 ἐσθλαί·

208 4137 303 4194 ξύλινα
322 4141 451 4205 παίγνια,
471 4137 657 4204 Ἀμαθούσιοι
677 4139 771 4190 καιλαί
788 4135 819 4189 B.
832 4135 881 4189 Ph.
895 4135 940 4193 W.
955 4141 1021 4190 1886
1035 4137 1085 4191 col.
1103 4141 1169 4192 1348
1188 4138 1216 4192 in
1236 4137 1326 4196 lucem
1346 4157 1407 4210 pro·

207 4229 322 4277 tractae.
359 4221 390 4275 ln
409 4235 439 4274 re
457 4231 634 4277 controversa
652 4225 735 4278 certis
754 4224 928 4292 argumentis
951 4238 1006 4278 non
1031 4223 1130 4291 glossis
1156 4224 1303 4295 ambiguae
1326 4230 1407 4284 Inter·

207 4308 370 4378 pretationis
390 4322 459 4375 opus
478 4317 527 4375 est.

278 4398 298 4464 ⁸)
317 4393 444 4450 Gerhard
470 4395 530 4449 lect.
558 4398 648 4464 Apoll.
678 4403 727 4451 116
745 4414 785 4465 sq.
829 4396 921 4453 Etiam
952 4405 973 4450 Ρ
999 4403 1047 4450 obl
1075 4400 1230 4455 mandouro
1259 4405 1297 4475 ly*
1321 4408 1407 4471 cirris
1442 4389 1445 4397 ¹

208 4482 267 4538 biat
287 4496 390 4538 versus.
