2956 5040
647 225 884 291 -276-

166 416 302 502 gillotim
341 413 524 480 tractandis
564 413 772 495 probabitur:
820 413 923 480 sicubi
960 415 1131 496 productio
1170 416 1366 501 admittitur,

165 521 325 606 syllabam
359 519 584 599 insequentem
620 523 752 600 oportet
791 519 839 586 ita
873 525 1095 601 comparatam
1129 538 1201 586 esse
1236 527 1274 587 ut
1307 528 1369 589 aut

167 624 295 692 omnino
318 622 556 705 correptionem
580 641 645 689 uon
676 622 815 705 recipiat
837 629 896 690 aut
925 629 1014 689 certe
1043 625 1206 706 correptio
1232 625 1368 694 insolita

166 729 209 796 sit
243 735 279 796 et
313 728 499 795 iniucunda.
553 726 646 812 Quae
684 728 835 811 opposita
870 727 1025 795 videntur
1058 729 1207 811 exempla
1244 729 1366 811 partim

164 835 295 901 sublata
329 838 406 900 sunt
439 832 531 901 velut
564 833 710 916 genetivi
739 832 939 920 Ἀσκληπῖοῦ
973 834 1093 916 simm,
1128 835 1247 916 partim
1278 833 1367 901 infra

165 938 320 1006 tollenda.
964 951 968 958 '

251 1043 337 1110 Late
360 1048 455 1126 patet
476 1043 559 1109 haec
581 1042 751 1124 productio
774 1041 807 1107 in
831 1042 941 1110 verbis
965 1044 1049 1109 πνέω
1080 1044 1164 1109 πλέω
1187 1061 1366 1126 eorumque

165 1146 361 1231 compositis.
398 1145 492 1212 Hom.
511 1147 609 1211 πλείω
633 1147 729 1212 πνειω
745 1145 852 1232 (χείω)
876 1146 947 1212 sola
970 1145 1123 1229 digammi
1146 1146 1180 1215 vi
1202 1148 1366 1228 producta

164 1269 237 1317 esse
271 1249 402 1333 plurimi
435 1249 646 1331 contendunt,
656 1249 681 1335 ¹)
716 1268 788 1315 cum
822 1249 915 1317 Fick.
935 1244 1244 1334 Wackernagelium
1280 1251 1365 1338 (KZ.

162 1355 260 1422 XXV
290 1354 369 1440 211)
393 1358 525 1420 secutus
548 1353 670 1420 formas
693 1353 835 1419 aeolicos
859 1353 964 1419 πλεὺω
995 1354 1098 1421 natta
1125 1355 1242 1443 petest)
1266 1344 1383 1425 redu·¹

164 1458 294 1546 101111)
340 1457 430 1543 Quos
461 1457 586 1524 refutat
607 1457 678 1539 ipse
701 1458 863 1524 Homerus
887 1458 942 1539 qui
966 1486 994 1523 ει
1024 1459 1260 1543 diphthongum
1291 1482 1364 1529 oum

162 1557 318 1630 in'nlab
341 1565 438 1628 πνείω
467 1561 656 1643 frequentet
689 1562 817 1628 omnino
841 1568 1016 1631 aversatur
1037 1563 1071 1629 in
1095 1563 1158 1651 ῥέω
1181 1565 1272 1632 etin
1297 1568 1365 1651 χέω

163 1666 308 1749 simplici,
333 1686 397 1733 uno
420 1671 548 1733 tantum
571 1666 643 1732 loco
667 1665 812 1742 admittit
833 1665 866 1731 iu
890 1667 1068 1748 composito
1092 1669 1192 1755 ἐχχέω
1219 1669 1252 1736 id
1277 1673 1365 1751 quod

162 1789 242 1838 casu
265 1771 422 1838 accidisse
445 1771 545 1837 semel
569 1771 710 1837 monitus
732 1789 826 1837 nemo
850 1771 965 1852 opinor
993 1772 1156 1840 affirmare
1183 1774 1327 1841 audebit
1335 1775 1365 1862 ⁴)

162 1876 208 1943 Ut
240 1876 362 1942 rectius
392 1876 433 1942 de
467 1875 517 1940 his
547 1876 646 1941 rebus
675 1873 839 1940 iudicetur
860 1874 990 1957 singula
1012 1877 1247 1958 perpendenda
1274 1889 1364 1963 sunt,

162 2000 225 2063 quo
255 1980 344 2047 Iacto
375 1999 426 2046 me
460 1980 530 2045 iure
560 1980 646 2046 hanc
679 1979 902 2060 quaestionem
933 1981 994 2046 hoo
1022 1981 1094 2063 ipso
1129 1982 1364 2065 disputationis

160 2085 231 2152 loco
255 2084 406 2168 attigisse
429 2103 526 2167 spero
548 2084 751 2151 intellectum
773 2084 823 2150 iri.

237 2189 385 2265 ¹Hesiodi
399 2191 545 2276 χείουσιν
560 2190 647 2271 quod
661 2189 695 2254 in
712 2189 922 2272 Theogoniae
937 2191 1124 2272 prohoemio
1141 2193 1182 2258 83
1198 2192 1362 2281 legitnr‚⁵)

162 2300 200 2362 ut
228 2294 360 2364 videtur
389 2295 423 2361 in
457 2300 553 2378 parte
582 2294 795 2376 interpolata,
830 2293 1003 2361 imitatoris
1034 2314 1108 2362 esse
1137 2302 1249 2378 potest
1279 2299 1363 2366 artis

161 2398 273 2482 spicae
302 2399 394 2482 leges
418 2405 452 2464 et
482 2398 749 2464 consuetudinem
773 2417 838 2464 nou
867 2397 931 2464 iam
961 2400 1063 2480 probe
1094 2401 1237 2468 tenentis
1268 2403 1363 2471 ciuus

160 2503 261 2569 menti
295 2506 402 2592 ἐγχείῃ
437 2505 537 2569 θείειν
572 2505 722 2569 πλειόντπ
762 2505 911 2569 πνειόντω
947 2505 1223 2589 obversabantur;
1263 2507 1363 2575 simili

160 2607 253 2673 modo
277 2605 476 2672 recentiores
500 2607 609 2688 epicos
632 2608 685 2673 hio
706 2607 772 2673 illic
791 2607 944 2690 analogia
967 2609 1049 2674 duce
1072 2608 1194 2677 formas
1217 2630 1362 2679 novasse

158 2717 249 2778 certo
272 2715 419 2793 constat,
450 2714 544 2779 velut
566 2713 798 2779 Callimachum
828 2712 1012 2798 ἀχράπνεος
1035 2712 1094 2799 (ad
1116 2715 1360 2784 similitudinem

158 2817 309 2883 vocabuli
338 2814 531 2901 ἀκράπνεος)
561 2817 592 2882 h.
617 2818 725 2901 Apoll.
753 2822 831 2901 111,
863 2837 970 2900 neque
1000 2819 1068 2886 ulla
1098 2838 1198 2887 causa
1227 2827 1280 2887 est
1303 2843 1363 2890 our

157 2958 366 2971 —--...-..-.

230 3027 249 3092 ¹)
267 3024 349 3080 Velut
362 3023 451 3081 Roehl
465 3024 515 3093 Qu.
528 3025 601 3084 hom.
615 3041 687 3096 spec.
701 3034 725 3086 8.
744 3027 904 3095 Brugmann
923 3026 951 3084 C.
966 3025 1095 3084 stud1v
1111 3035 1168 3086 180.
1192 3030 1225 3088 G.
1240 3031 1335 3102 Meyer
1351 3038 1361 3071 ¹

156 3110 241 3179 §sus
259 3126 286 3178 p.
305 3117 365 3166 113.

227 3202 246 3265 1)
266 3199 308 3253 De
326 3201 508 3256 recentiorum
527 3202 667 3269 praesenti
681 3203 758 3273 χεύω
777 3217 802 3256 v.
820 3217 891 3268 quae
910 3201 967 3256 dixi
986 3218 1049 3272 pag.
1069 3210 1110 3261 04.

226 3285 248 3354 8)
264 3285 340 3341 Haec
358 3284 431 3340 ratio
449 3285 493 3340 vel
512 3303 544 3341 eo
563 3288 673 3344 nornine
692 3287 819 3356 displicet
834 3288 907 3357 quod
927 3308 957 3343 ευ
977 3290 1006 3344 11
1025 3292 1106 3360 ἔχευα
1127 3291 1248 3361 triopae
1269 3297 1359 3349 ‹ilre-

156 3378 243 3425 aoem
262 3370 320 3427 fere
339 3373 472 3428 iotactum
501 3383 639 3430 servatum
667 3382 717 3432 est.
754 3375 796 3429 De
821 3379 952 3448 ἐρείομεν
976 3376 1010 3432 cl.
1035 3393 1061 3445 p.
1081 3384 1128 3446 983
1155 3378 1188 3433 de
1212 3379 1359 3435 titulorum

155 3459 270 3526 ῥέιουσα
289 3460 422 3515 detortas
442 3460 565 3527 101110),
584 3476 655 3529 quae
671 3477 732 3516 oum
751 3461 897 3518 homericis
918 3468 1004 3520 aleta
1024 3473 1113 3521 πνείω
1126 3466 1195 3521 nihil
1213 3483 1360 3524 commune

154 3543 267 3614 hahent,
287 3545 351 3601 Joh.
364 3545 489 3601 Schmidt
500 3547 557 3606 KZ.
569 3548 674 3603 XXVII
687 3553 752 3618 185;
770 3564 853 3618 supra
866 3566 893 3618 p.
905 3557 937 3604 tl
950 3567 1008 3621 sqq.
1022 3554 1083 3608 deta
1093 3578 1126 3597 =
1138 3554 1205 3608 δέον
1216 3553 1360 3623 explicare

153 3636 269 3686 conatus
286 3647 348 3687 sum
373 3632 429 3686 ΚΖ.
450 3634 570 3690 XXVIII
595 3642 699 3693 1081.
718 3641 742 3690 1.
763 3668 794 3676 -
813 3639 903 3695 Taceo
929 3639 964 3694 de
988 3641 1092 3709 eisqui
1107 3659 1128 3712 y
1142 3643 1171 3696 in
1191 3664 1200 3695 ι
1219 3647 1360 3698 mutatum

153 3716 276 3773 erodunt.
313 3718 369 3773 Alii
389 3723 497 3776 πλείειν
516 3728 580 3781 cett.
605 3739 622 3777 a
641 3727 738 3779 πλέειν
760 3732 910 3793 segregata
934 3725 962 3780 in
982 3727 1174 3794 praesentibus
1193 3744 1245 3796 ope
1264 3729 1360 3784 suffixi

153 3806 204 3874 -y'o-
231 3803 357 3861 formabit
385 3814 532 3863 numerant
555 3809 630 3864 velut
655 3811 764 3865 Ahrens
787 3810 997 3867 Formenlehre²
1022 3814 1038 3884 ξ
1068 3821 1147 3883 lhlg.
1185 3815 1360 3872 Grassmann

151 3889 209 3948 KZ.
228 3893 267 3946 XI
286 3898 330 3950 to.
366 3893 495 3950 Ilinrichs
515 3897 582 3951 eloc.
602 3895 672 3952 aeol.
691 3904 759 3954 vest.
784 3897 856 3953 hom.
876 3904 917 3954 30.
955 3901 1048 3955 Rzach
1074 3900 1183 3956 Hesiod.
1203 3901 1276 3958 Dial.
1297 3908 1360 3961 808.

152 3977 313 4047 Bragmann
331 3980 386 4037 ΒΒ.
406 3982 433 4036 11
453 3989 511 4038 110.
548 3984 658 4039 Curtius
677 3982 759 4038 Verb.
778 3983 804 4037 1¹
828 3990 878 4039 804
898 4003 937 4055 sq.
969 3987 1064 4045 Grdz.⁵
1088 3993 1146 4042 111.
1183 3988 1241 4043 Leo
1260 3989 1360 4062 Meyer

152 4064 214 4133 vgl.
233 4066 280 4121 Gr.
300 4066 326 4120 1²
345 4075 395 4123 ast
414 4085 454 4139 sq.
485 4077 545 4127 esa.
565 4077 625 4130 aar.
661 4071 693 4126 0.
711 4070 808 4142 Meyer
827 4078 837 4110 ¹
856 4073 872 4142 ς
894 4079 942 4128 101
960 4091 987 4142 p.
1011 4080 1067 4128 111.

222 4155 244 4222 ⁴)
265 4155 296 4209 ln
315 4155 472 4212 uniuersum
492 4157 526 4212 cf.
546 4175 616 4227 quae
635 4159 773 4227 disputavi
793 4160 857 4214 libri
876 4160 956 4230 primi
975 4177 1034 4229 cap.
1053 4161 1103 4216 111.

222 4244 244 4311 δ)
263 4242 410 4298 Librorum
429 4245 574 4301 lectionem
594 4245 759 4303 confirmant
776 4247 875 4318 papyri
898 4248 1025 4304 Achmlm
1050 4249 1101 4318 (ed.
1127 4250 1256 4305 Wilclren
1283 4253 1360 4312 Berl

150 4327 236 4386 scau.
262 4329 447 4400 Sitzungsber.
474 4338 539 4387 1881
567 4349 595 4402 p.
615 4339 664 4388 801
685 4339 754 4404 sqq.)
784 4343 813 4389 et
840 4337 1047 4406 epigrammatis
1074 4336 1175 4391 Xaibel
1194 4354 1235 4391 nr.
1255 4343 1359 4408 318,8

150 4415 307 4472 testimonia
324 4417 405 4488 (χοὰς
421 4425 572 4490 pelessae).
