2956 5040
573 213 813 280 -207-

86 411 110 467 α’
143 403 247 469 habes
283 402 317 468 in
352 398 427 488 ἆορι
458 404 661 485 θεινομένων.
690 409 723 469 Κ
758 406 824 471 484
865 410 896 472 Φ
926 407 985 488 21;
1027 406 1121 489 ἔγχεΐ
1155 406 1184 471 τ’
1215 402 1288 493 door

86 533 123 572 τε
154 514 191 572 Λ
213 508 277 572 265
299 535 322 560 =
344 507 419 571 541.
460 502 537 591 ἄορι
567 507 672 589 θυμὸν
703 506 833 595 ἀπηύρα
875 511 987 576 Y290
1017 508 1066 594 (Φ
1091 510 1177 596 179).
1213 507 1289 598 ἄορι

85 610 176 700 τύψῃ
204 617 233 676 Y
252 612 316 676 378
340 608 444 695 (462).
492 607 566 697 door
585 626 655 700 fimi
683 615 816 696 δαμέντι
841 619 873 679 Φ
895 616 968 681 208.

175 714 398 797 Explioationi
420 716 585 784 Leskieni'
605 720 736 785 obstare
768 718 900 787 videtur
931 720 1035 802 9222
1067 714 1170 803 ἄορας
1201 721 1288 802 quod

83 820 128 886 ad
152 821 237 886 hano
259 839 371 888 vooem
396 821 562 903 portinere
586 828 710 890 certum
733 829 785 890 est
807 822 862 908 (of.
888 831 910 888 θ
933 823 1062 910 403);¹)
1090 825 1149 889 sed
1173 824 1286 893 variae

82 924 243 990 lectiones
267 923 351 1012 ἄορά
373 924 403 1010 y'
426 931 460 991 et
483 924 585 1010 ἄορα,
616 947 719 1010 genus
745 928 926 995 insolenter
953 933 1114 994 mutatum
1146 929 1287 996 suadent

83 1033 122 1093 ut
145 1047 218 1094 oum
241 1029 402 1095 Ahrensio
434 1029 565 1115 (Philol.
596 1031 643 1096 VI
674 1034 730 1118 33)
765 1032 911 1098 Nauokio
943 1031 1027 1118 ἅορα
1056 1033 1284 1101 rescribamus.

83 1133 205 1199 Hiatus
239 1133 273 1199 in
307 1134 450 1199 diaeresi
481 1135 628 1201 bucolica
661 1136 741 1203 nihil
775 1137 877 1202 habet
909 1136 1170 1219 vituperationis.
1216 1139 1285 1204 Neo
1413 1216 1416 1227 .

82 1238 158 1320 plus
181 1238 305 1322 negotii
327 1238 462 1305 facessit
484 1240 697 1321 compositum
723 1238 925 1327 χρυσ-ἄορος
954 1238 1161 1328 zoor-riost)
1193 1242 1284 1308 ouius

82 1343 236 1408 athesin
260 1351 399 1426 oooupat
427 1340 562 1411 Hesiod.
593 1345 759 1429 Theogon.
791 1349 872 1430 2873
904 1349 964 1414 281
997 1348 1026 1414 si
1055 1352 1145 1413 recto
1177 1346 1285 1413 editur

82 1466 157 1513 oum
172 1448 334 1529 Lennepii
349 1448 468 1514 Par.B
485 1448 598 1533 ἔκθορε
620 1450 791 1536 χρυσάωρς
816 1451 856 1517 of.
874 1452 973 1518 etiam
989 1456 1063 1519 979.
1098 1452 1181 1516 Nam
1207 1479 1227 1515 a
1249 1451 1283 1516 in

80 1553 144 1618 hao
166 1571 247 1621 voce
264 1552 444 1633 composita
460 1553 573 1618 eodem
596 1552 667 1618 looo
683 1553 869 1621 habendum
884 1573 958 1621 esse
973 1574 1036 1636 quo
1054 1584 1073 1643 η
1096 1556 1129 1621 in
1147 1555 1283 1641 δύσηρις

79 1657 164 1724 adeo
188 1662 291 1740 patet,
314 1662 352 1723 ut
374 1657 501 1724 mireris
521 1656 710 1744 Stolziuml)
726 1659 795 1723 whoo
817 1677 967 1741 negasse,
992 1678 1065 1726 oum
1087 1659 1283 1743 praesertim

79 1761 167 1827 hano
181 1762 428 1844 productionem
450 1761 484 1827 in
501 1760 689 1847 τετρ-άοροι
712 1761 881 1830 verissime
898 1763 1087 1846 agnoverim
1112 1764 1198 1831 unde
1221 1765 1282 1831 hoo

78 1875 100 1932 ᾶ
116 1887 190 1933 oum
205 1867 418 1950 productione
433 1867 466 1932 in
491 1863 567 1952 door
582 1866 679 1935 obvia
693 1866 773 1932 nihil
795 1886 963 1934 commune
986 1869 1108 1935 habere
1123 1868 1280 1950 sequitur.

79 2009 121 2017 -
146 1972 289 2055 Etymon
313 1972 402 2039 vocis
427 1973 487 2058 ἄορ
518 1974 690 2039 obscurum
713 1977 781 2054 est;
812 1990 878 2038 non
909 1980 1082 2055 cognatum
1105 1974 1162 2040 lat.
1187 1973 1280 2038 erasis.

166 2075 385 2144 Wilamowitz
409 2074 506 2161 (Phil.
531 2075 726 2143 Untersuoh.
750 2076 816 2142 VII
841 2080 903 2143 106
926 2078 1002 2143 adn.
1029 2078 1083 2163 17)
1108 2078 1148 2143 de
1171 2079 1279 2144 home-

77 2181 146 2247 rioo
174 2182 332 2249 vocabulo
364 2179 449 2262 ἱερός
480 2179 673 2262 explicando
704 2180 758 2248 vel
786 2180 1035 2262 interpretando
1065 2181 1113 2246 ita
1144 2181 1213 2264 egit
1243 2188 1281 2249 ut

77 2285 226 2352 omnibus
253 2285 332 2351 loois
363 2305 461 2351 unam
492 2291 527 2351 et
556 2304 629 2352 eam
663 2285 832 2367 uolgarem
862 2284 958 2350 huius
992 2285 1082 2353 voois
1113 2286 1278 2352 notionem

76 2391 319 2474 agnoscendam
358 2410 431 2457 esse
465 2391 691 2456 demonstrare
724 2388 884 2453 studeret.
931 2388 1036 2472 Quam
1070 2388 1277 2472 sententiam,

75 2496 203 2576 aliquot
225 2501 313 2561 oerte
335 2496 415 2561 locis
438 2513 498 2577 por
520 2514 555 2560 se
579 2513 644 2560 non
667 2492 749 2559 satis
772 2493 1040 2574 commendatam,
1064 2493 1181 2559 falsam
1205 2513 1277 2561 esse

76 2599 274 2682 quantitatis
305 2601 467 2681 quaedam
496 2598 680 2665 differentia
710 2596 855 2663 ostendit
878 2616 972 2677 quam
1009 2597 1071 2665 viri
1102 2599 1189 2664 docti
1219 2601 1276 2666 ad·

74 2704 140 2770 huo
169 2722 233 2769 non
264 2705 486 2771 attenderunt.
532 2705 616 2769 Nam
649 2702 738 2769 nullo
770 2701 858 2783 apud
889 2702 1067 2768 Homerum
1097 2703 1187 2787 looo,
1223 2705 1277 2770 ubi

74 2807 165 2874 notio
193 2810 337 2892 volgaris
368 2811 451 2876 adeo
481 2813 599 2890 aperta
629 2807 672 2873 sit
701 2813 801 2886 atque
832 2806 1006 2874 manifesta
1036 2813 1073 2873 ut
1102 2807 1276 2890 interpreti

73 2933 156 2980 sano
187 2913 227 2978 de
251 2933 291 2978 ea
320 2913 472 2979 dubitare
501 2930 567 2979 non
597 2912 759 2978 liceat-
783 2911 933 2977 hoonon
963 2912 1052 2979 cadit
1073 2913 1106 2980 in
1136 2911 1275 3000 ἀλφιτοῦ

74 3015 162 3103 ἱερὸν
186 3015 285 3103 ἀκτήν
308 3024 343 3082 Λ
366 3020 428 3082 631
455 3056 506 3100 -,
532 3017 618 3100 ἱερός
641 3015 795 3084 adiaodvi
817 3015 923 3081 forma
952 3017 1020 3084 iota
1043 3018 1202 3099 producto
1226 3019 1274 3085 ita

71 3121 211 3204 legitur,
244 3125 279 3186 ut
306 3121 339 3186 in
370 3121 530 3204 syllabam
560 3127 681 3187 natura
710 3121 842 3203 longam
872 3121 925 3189 vel
955 3140 1099 3189 consona
1129 3124 1274 3190 clausam

72 3229 188 3290 exeat:
225 3230 303 3289 sunt
332 3225 462 3304 quidem
493 3226 581 3306 apud
611 3226 789 3292 Homerum
826 3245 891 3291 non
929 3246 1006 3293 rara
1040 3225 1117 3314 ῒερά
1158 3231 1272 3295 ‘sacra’

72 3330 165 3397 ouius
187 3329 312 3396 formae
336 3355 347 3394 ι
371 3327 494 3394 vocalis
516 3333 620 3393 metro
644 3329 804 3410 producta
827 3330 911 3414 est⁴)
940 3329 1040 3415 (siout
1063 3361 1083 3396 a
1106 3332 1139 3397 in
1164 3331 1272 3416 ἄορα),

71 3435 131 3501 sed
154 3452 315 3514 nusquam
337 3431 486 3499 invenies
508 3433 623 3498 horum
647 3452 731 3513 quae
754 3438 910 3498 secuntur
938 3435 1121 3517 exemplum
1151 3436 1270 3503 simile:

154 3538 261 3624 Ἥρας
279 3535 378 3619 ‘laprio
401 3537 458 3623 (ll
481 3537 610 3603 Usener
632 3538 739 3621 Altgr.
763 3539 914 3606 Versbau
938 3541 1004 3626 85).

154 3641 247 3730 ἱερὸν
271 3641 368 3720 ἄλσος
394 3643 517 3726 Φοίβου
540 3640 742 3719 Ἀπόλλωνος
765 3641 844 3706 Hes.
868 3641 957 3709 Saul.
982 3645 1064 3730 99.⁶)

158 3747 345 3834 Ἀρτέμιδος
356 3747 545 3834 χρυσαόρου
556 3744 646 3834 ἱερὸν
659 3744 757 3835 ἀκτήν
766 3746 888 3833 (littus)
902 3765 987 3816 orac.
997 3749 1119 3817 Herod.
1127 3751 1268 3820 VHItl.

140 3974 219 4040 ¹)De
238 3980 361 4029 veterum
380 3973 491 4041 ineptiis
509 3992 532 4028 v.
552 3973 663 4028 Lobeok
682 3974 769 4028 Elem.
789 3974 816 4029 Π
836 3981 876 4029 13.
898 3974 1008 4031 Harder
1027 3977 1061 4033 de
1079 4000 1097 4031 a
1115 3979 1204 4034 vocali
1224 3984 1268 4040 oi.

139 4063 160 4130 ¹)
178 4063 322 4135 Χρυσάωρ
354 4061 435 4130 longa
466 4062 522 4116 alia
553 4062 660 4116 ratione
690 4063 868 4130 interpretari
897 4062 1003 4119 studuit
1033 4064 1124 4122 Somne
1154 4066 1211 4123 KZ.
1242 4068 1268 4121 X

67 4151 118 4201 lla
138 4163 178 4216 sq.

139 4235 160 4304 ³)
180 4233 401 4302 Zmammenges.
420 4234 501 4290 Nom.
520 4234 566 4288 bei
583 4235 692 4290 Homer.
711 4253 738 4292 u.
756 4237 867 4296 Hesiod.
887 4243 930 4292 33.

138 4327 159 4390 ⁴)
178 4323 255 4379 Falsi
282 4331 345 4379 sunt
372 4324 501 4380 Hinrioha
529 4326 597 4382 eloe.
624 4326 695 4382 aeol.
723 4331 789 4382 rest.
819 4326 924 4381 homer.
952 4332 994 4382 21.
1031 4327 1126 4383 Rzaoh
1154 4328 1267 4385 Hesiod.

66 4411 233 4470 Untersuoh.
252 4417 294 4471 31.
331 4413 394 4468 Has.
414 4413 488 4467 Dial.
511 4419 569 4467 361.

139 4501 160 4568 ⁸)
180 4502 267 4559 ἄλσος
281 4497 350 4574 ‘ephr
368 4503 516 4568 Ἀθηναίης
536 4504 549 4563 ζ
565 4507 624 4560 322.
