2986 5010
685 231 919 293 -364-

202 420 353 485 licentiae
391 418 530 484 alterum
564 437 654 483 reum
689 419 790 483 habes
825 417 1002 482 Hesiodum
1038 419 1099 498 Op.
1133 421 1160 494 2
1187 417 1408 498 (devectiones)

203 524 368 605 Theogon.
393 525 457 588 330
479 523 624 600 (οἰκείων,
634 521 660 607 ¹)
690 521 777 586 unde
800 521 962 587 Theocrit.
986 522 1056 587 XII
1078 525 1119 589 28
1146 526 1293 590 οἰκοιόιιε
1317 523 1408 605 quod
1463 545 1465 549 ·

202 627 257 692 ille
279 626 336 694 Vix
366 626 531 694 diversum
562 626 759 708 opinabatur
781 646 802 690 a
824 625 990 690 vecuee'ovc’
1014 626 1030 690 I
1053 629 1095 692 35
1119 627 1291 712 adhibito).
1339 629 1407 694 Alii

202 730 300 796 aliam
322 730 467 796 inierunt
488 730 747 812 explicationem,
772 730 831 795 sed
847 748 959 794 earum
982 749 1064 809 quas
1079 730 1156 797 novi
1178 736 1300 796 neutra
1321 731 1406 797 satis

202 834 280 899 mihi
303 833 432 915 quidem
455 835 574 916 placet.

290 939 492 1021 Quamquam
524 937 608 1003 enim
639 938 726 1003 inter
756 935 900 1002 Graecos
934 942 1030 1002 erant
1059 937 1114 1017 qui
1145 937 1266 1023 ιιί1ικὴοι
1297 939 1402 1005 simm.

202 1042 363 1123 producta
396 1041 597 1123 paenultima
631 1039 861 1124 probarent,²)
895 1044 1005 1105 tamen
1039 1041 1216 1107 Homerum
1250 1042 1302 1107 his
1338 1062 1403 1108 non

202 1145 481 1211 adnumerandum
504 1164 577 1210 esse
600 1164 672 1211 curn
701 1145 854 1227 analogia
883 1143 1198 1211 denominativorum
1227 1145 1262 1211 in
1293 1144 1403 1230 -ii(j)a

203 1254 237 1314 et
258 1249 290 1314 in
315 1246 420 1332 -i(j)o
443 1248 628 1314 cadentium
651 1249 855 1314 demonstrat
877 1266 1014 1328 quorum
1029 1249 1218 1330 praesentia
1240 1269 1402 1331 nusquam

202 1354 353 1436 producit
373 1354 436 1419 nisi
458 1353 610 1421 vocabuli
637 1352 742 1419 forma
765 1358 799 1418 et
821 1370 919 1419 versu
942 1357 1092 1434 coactus,
1124 1358 1192 1419 tum
1216 1355 1403 1421 accuratior

203 1478 280 1524 usus
314 1457 468 1523 homerici
501 1456 686 1523 observatio
720 1456 817 1521 fidem
850 1456 931 1521 facit
963 1476 1028 1537 qna
1062 1463 1195 1538 praeter
1226 1458 1338 1525 ὀκνείω
1369 1467 1403 1526 et

202 1561 382 1627 solitarium
404 1560 619 1644 μαχειόμενος
642 1558 840 1625 necessitato
868 1566 1059 1626 excusatum
1082 1580 1124 1627 ne
1146 1582 1246 1628 unum
1271 1564 1401 1644 quidem

201 1665 423 1748 productionis
446 1664 629 1745 exemplum
651 1662 792 1729 inveniri
822 1664 944 1729 dudum
975 1684 1086 1731 sumus
1117 1667 1225 1732 edocti
1256 1669 1343 1748 quod
1374 1669 1402 1733 si

202 1769 245 1834 ad
268 1769 465 1849 primitivam
495 1768 631 1832 tonnam
660 1766 869 1833 revocaveris
900 1767 999 1834 alium
1030 1774 1161 1834 recurset
1190 1770 1400 1851 explicatum.

201 1871 305 1937 Unico
328 1876 438 1937 autem
461 1872 547 1952 quod
570 1889 611 1936 ex
634 1875 730 1935 tanta
752 1869 930 1935 carminum
960 1872 1043 1936 mole
1071 1873 1233 1954 expiscari
1264 1874 1402 1957 contigit

203 1974 312 2040 invade
346 1975 417 2056 quis
451 1976 584 2041 tandem
622 1975 737 2040 credat
773 1973 914 2038 sermoni
951 1975 1112 2042 homerico
1149 1977 1235 2042 idem
1270 1978 1401 2043 licuisse

201 2080 287 2160 quod
311 2080 433 2146 aeolico
461 2079 619 2165 (hlahlow
646 2077 736 2143 AEO
766 2080 813 2141 14.
845 2077 927 2142 Fick
951 2078 1010 2143 Od.
1038 2082 1087 2145 15.
1120 2080 1309 2147 Johansson
1333 2083 1354 2148 l.
1378 2084 1399 2148 l.

207 2188 319 2251 15311.
344 2185 443 2271 tter
467 2185 557 2251 cuins
584 2183 718 2249 misellis
747 2181 897 2248 frustulis
926 2183 981 2249 vel
1011 2183 1074 2248 duo
1105 2185 1255 2265 exempla
1285 2185 1401 2272 κοθῆω

203 2289 324 2377 ἀδικήει
349 2290 487 2356 indicari
509 2290 670 2371 possunt?
705 2286 889 2351 Admodum
920 2305 1000 2351 sane
1029 2286 1110 2352 miro
1140 2306 1235 2353 casus
1259 2289 1400 2355 ludibrio

200 2394 323 2467 iactum
339 2399 428 2459 esset
442 2399 479 2458 ut
490 2393 653 2458 Homerus
669 2411 765 2473 quam
782 2392 1026 2473 productionem
1042 2392 1188 2459 licuisset
1205 2393 1237 2459 in
1251 2396 1401 2462 omnihus

200 2499 234 2564 in
254 2499 323 2563 solo
345 2497 454 2563 iussio
474 2497 654 2563 adhiberet.
685 2496 918 2578 Exemplorum
937 2495 1136 2577 paucitatem
1157 2501 1273 2562 contra
1288 2499 1401 2564 mirari

201 2602 350 2683 desistes,
374 2601 569 2682 simulatque
592 2600 747 2682 rhapsodi
770 2619 913 2666 errorem
936 2602 1069 2666 subesse
1093 2601 1303 2667 concesseris.

288 2706 355 2771 Nec
370 2705 474 2788 magis
498 2706 599 2787 probo
616 2705 671 2785 qui
693 2704 890 2785 explicatum
906 2703 1112 2784 productioni
1133 2704 1167 2769 in
1182 2706 1400 2790 μαχειόμενος

201 2809 364 2875 admissae
383 2809 477 2874 unice
500 2813 610 2890 aptam
628 2809 726 2873 etiam
750 2808 793 2873 ad
809 2807 918 2874 ὀκνείω
940 2807 1125 2889 ὑμνείουσαι
1146 2811 1269 2874 οἰκείων
1291 2816 1399 2877 mans·

273 3018 293 3081 1)
310 3015 378 3068 Ficlr
397 3015 450 3069 BB.
465 3015 518 3070 Xll
540 3021 568 3068 11
584 3032 623 3084 sq.
644 3018 746 3082 οἰκήιον
766 3044 795 3054 -·
817 3014 855 3068 sic
874 3015 945 3068 enim
964 3017 1046 3070 scribi
1064 3015 1141 3071 iubet
1154 3047 1184 3055 —
1199 3032 1250 3084 pro
1269 3019 1399 3086 delphico

200 3101 324 3155 venditat
341 3116 396 3169 que
414 3103 442 3155 in
460 3117 490 3156 re
508 3103 567 3157 viro
585 3103 762 3169 sagacissimo
781 3101 852 3155 sicut
869 3101 898 3155 in
917 3103 968 3156 hoc
986 3111 1045 3158 toto
1069 3104 1103 3158 de
1128 3106 1279 3160 carminum
1307 3107 1399 3163 forme

200 3188 318 3255 pristina
335 3190 524 3256 quaestionum
543 3205 643 3257 genere
661 3189 788 3244 assentiri
807 3204 920 3258 nequeo.

271 3280 294 3338 ¹)
313 3275 391 3330 Hanc
409 3276 615 3343 productionem
635 3277 711 3331 cuius
730 3276 863 3344 originem
881 3291 942 3329 cum
966 3277 1150 3332 Johanssonio
1170 3278 1197 3344 (l.
1217 3278 1234 3335 l.
1257 3286 1305 3333 134
1326 3285 1398 3349 sqq.)

201 3375 234 3414 ex
253 3359 351 3415 ultima
369 3369 506 3416 vetustate
524 3362 600 3415 nulla
618 3378 703 3417 causa
721 3369 763 3416 est
780 3378 829 3416 cur
851 3369 1009 3429 repetemus
1029 3371 1101 3418 recte
1119 3365 1266 3432 explicavit
1284 3376 1399 3422 auctore

201 3447 423 3516 Bezzenbergero
451 3449 549 3503 (lollita
575 3452 642 3506 huz.
668 3449 685 3502 f.
710 3449 855 3505 deutsches
873 3450 928 3504 Alt.
949 3449 972 3501 V
1000 3455 1059 3507 ³26.
1078 3457 1129 3504 330
1155 3452 1287 3520 analogia
1310 3452 1398 3507 futuri

201 3543 228 3589 et
246 3536 342 3590 consti
360 3551 474 3604 quorum
488 3536 631 3603 productio
650 3536 685 3590 ah
698 3537 776 3591 initio
795 3536 976 3603 propriassit
994 3537 1103 3606 (φιλέοι.-
1122 3541 1230 3609 quiquo
1246 3563 1276 3585 >
1290 3543 1396 3611 ιμιλῆιιε

200 3624 333 3691 atalenum
352 3621 386 3675 cf.
406 3622 469 3679 Joh.
489 3621 613 3675 Schmidt
631 3622 867 3678 Ρ1111111111111.328.
891 3623 1050 3689 ergmann
1068 3623 1114 3678 Gr.
1133 3626 1193 3678 Gr.¹
1211 3629 1227 3689 ᾗ
1248 3633 1329 3685 itta.
1355 3629 1399 3683 Sic

200 3709 308 3763 demum
328 3709 480 3763 absolvitur
497 3715 526 3763 et
544 3707 685 3776 perficitur
696 3709 882 3776 praesentium
900 3710 929 3763 in
948 3708 1005 3762 -ΰω
1024 3709 1077 3762 -ia
1096 3717 1152 3765 -έω
1170 3712 1243 3766 inter
1260 3730 1290 3768 se
1303 3716 1398 3769 simili·

200 3795 267 3848 tudo
286 3803 314 3849 et
335 3795 488 3863 proportio;
508 3794 543 3851 cf.
562 3809 634 3863 qnae
652 3810 736 3862 supra
755 3796 930 3862 exposuimus
943 3795 977 3852 de
996 3812 1140 3853 mensurae
1154 3799 1310 3855 homericae
1330 3801 1398 3867 l-im

200 3880 268 3934 -tms
296 3880 371 3936 -ΐισοι
397 3881 479 3950 ἥσω)
504 3891 532 3936 et
555 3883 659 3937 atticae
684 3881 753 3950 (-ίιιι
778 3880 845 3934 -ios
869 3880 945 3935 -tco
969 3880 1051 3949 -icwl
1078 3883 1272 3950 discrepantia.
1297 3915 1330 3925 -
1357 3888 1398 3941 Ne

200 3966 347 4034 disputatis
363 3983 380 4020 a
397 3967 583 4023 Johenssouio
602 3984 627 4035 p.
646 3974 694 4021 114
710 3984 768 4037 sqq.
787 3968 899 4023 nimium
912 3969 1027 4036 tribuae,
1047 3987 1130 4025 unum
1144 3970 1216 4025 addo
1228 3988 1396 4043 quemquam

200 4054 227 4107 in
252 4056 338 4109 virum
369 4052 556 4110 doctissimum
580 4070 677 4122 parum
702 4055 824 4112 modeste
848 4057 950 4112 dictum
973 4057 1124 4113 videbitur:
1155 4059 1261 4114 ionicae
1285 4060 1397 4116 dialecti

200 4140 320 4197 fontibus
339 4143 447 4197 cautius
465 4160 547 4212 quam
571 4143 785 4198 Johenseonium
809 4147 849 4199 uti
871 4147 917 4214 qui
936 4145 975 4200 eie
995 4145 1034 4198 uti
1053 4146 1162 4200 omniuo
1181 4145 1317 4206 didicerit.
1356 4152 1398 4205 De

199 4245 230 4282 re
258 4229 386 4283 universa
409 4229 442 4283 cl.
470 4229 533 4285 Joh.
558 4229 681 4283 Schmidt
704 4231 867 4286 Pluralbild.
894 4239 944 4286 326
967 4249 1024 4301 sqq.
1048 4234 1127 4301 (328).
1164 4235 1206 4289 De
1233 4240 1397 4309 φορήμεναι

199 4317 353 4386 φιλήμεναι
372 4324 436 4371 cett.
456 4317 512 4371 dixi
531 4333 556 4384 p.
578 4324 618 4387 le,
637 4318 671 4372 de
690 4326 905 4393 πρυτανίωνιος
924 4319 1009 4375 ClGr.
1028 4324 1106 4387 2909,
1128 4327 1158 4374 10
1176 4337 1201 4389 p.
1224 4328 1272 4377 145
1292 4340 1317 4377 n.
1345 4325 1398 4379 Ob·

199 4403 285 4458 scuris
304 4406 458 4471 dusslulzqv
477 4407 636 4479 ὁμοιοτάτην
654 4406 699 4459 vix
718 4408 782 4462 licet
800 4408 829 4461 in
847 4408 899 4461 hac
920 4409 1080 4476 quaestione
1097 4424 1148 4476 pro
1166 4419 1331 4477 argumento
1349 4412 1398 4473 uti,

201 4492 287 4563 οὐρῆν
305 4491 448 4558 (Kuehner
466 4491 479 4544 1
496 4506 523 4559 p.
543 4495 603 4560 tes)
626 4493 695 4547 nihil
714 4494 799 4549 habet
817 4495 998 4550 auctoritatis.
