2940 5026
563 260 602 268 -
650 201 722 288 raa‘
758 258 798 268 -

76 413 221 480 misnam
256 413 352 479 tollat
381 418 527 496 oportet,
564 417 710 479 attamen
739 412 813 494 ipsa
844 410 1030 493 corruptela
1063 410 1277 494 grammatico

74 517 167 584 haud
197 518 401 602 spernenda,
431 522 546 601 utpote
577 536 661 600 quae
691 516 823 584 serioris
854 515 929 585 aevi
951 534 1045 582 usum
1076 514 1222 583 vocalem
1244 514 1279 580 in

76 621 177 687 ἱκάνω
200 621 397 706 corripuisse
419 623 562 690 fortasse
584 622 714 690 indicet.
751 650 767 687 o
793 625 853 689 101
877 621 972 688 multi
993 622 1126 687 habent.

324 726 382 781 ἄλλ’
402 722 448 782 ὅτε
468 728 501 794 δή
521 728 544 800 ῥ’
563 731 666 781 ἵκανον
684 721 735 783 ὅθι
755 730 782 780 ol
801 728 932 796 κειμήλια
950 736 1026 780 κεῖτο

75 833 141 896 quo
164 815 199 880 in
222 833 322 882 versu
346 815 461 882 ἷκᾶοοο
482 815 656 898 anapaesti
678 814 783 883 vicem
805 818 920 881 tenere
942 818 1053 896 patet:
1081 813 1169 880 unde
1192 810 1276 879 iece-

74 923 156 986 runt
178 918 236 985 alii
256 919 411 986 insolenti
433 919 618 1002 quantitate
634 918 786 985 commoti
809 917 891 985 inav'
915 915 970 985 ὅθι
991 917 1021 984 οὶ
1044 917 1130 998 quod
1153 914 1279 998 recepit

74 1024 127 1089 La
150 1024 263 1089 Rocbo
285 1023 509 1105 applaudente
532 1022 658 1090 Cauero
682 1021 787 1108 (Cart.
806 1021 899 1089 Stud.
923 1022 990 1089 VII
1016 1022 1102 1107 118),
1127 1020 1183 1087 alii
1206 1024 1276 1086 ἵκα-

76 1155 131 1194 νον
155 1127 227 1210 iba
251 1133 370 1210 poetae
391 1146 520 1194 manum
544 1126 690 1194 restituit
710 1126 745 1193 ni
766 1126 863 1193 fallor
878 1127 1048 1194 Hermann
1068 1125 1184 1212 (Orph.
1198 1125 1276 1211 779)

77 1231 181 1298 ἵκονθ’
217 1230 272 1298 ὅθι
314 1231 344 1299 οἱ
384 1231 623 1317 proponens;¹)
657 1230 698 1298 of.
729 1234 761 1298 Γ
786 1233 859 1298 264.
904 1262 926 1298 ιι
956 1234 1029 1299 335.
1081 1231 1277 1313 corruptela

77 1337 172 1404 fluxit
193 1356 235 1403 ex
258 1342 291 1404 Δ
312 1338 377 1405 210
400 1341 429 1404 Ε
450 1339 515 1404 780
537 1337 687 1407 versibus
710 1336 923 1425 simillimis.²)
961 1334 1057 1403 ἱκάνω
1088 1335 1170 1422 (εἰσ-
1195 1333 1276 1423 cip)

82 1460 109 1506 c.
134 1440 242 1508 libies
266 1438 303 1524 (ᾶ
324 1439 358 1506 in
380 1440 466 1508 thesi
488 1440 665 1528 quater)⁸).

169 1546 216 1609 16.
248 1540 369 1627 κιχάνω
397 1543 637 1626 reduplicatum
666 1561 740 1610 esse
769 1543 938 1611 contendit
959 1545 1028 1611 Leo
1051 1544 1167 1629 Meyer
1190 1543 1273 1630 (BB.

80 1648 208 1734 v102)
239 1654 428 1730 comparato
456 1653 533 1715 scrt.
553 1647 689 1733 jt-oa-re,
720 1667 817 1730 quam
844 1648 1063 1716 coniecturam
1085 1648 1276 1732 praeiverat

76 1752 187 1820 Christ
214 1751 408 1839 (Lautlehre
436 1753 523 1841 106).
569 1754 696 1840 Meyeri
725 1754 892 1822 sententia
921 1752 1071 1836 quamvis
1100 1754 1274 1821 multorum

74 1858 228 1941 plausum
250 1856 397 1944 tulerit‘)
419 1857 552 1940 probari
574 1857 688 1940 nequit
702 1859 756 1927 vel
779 1859 819 1924 ob
839 1857 981 1925 notionis
1005 1857 1273 1941 discrepantiam:

74 1968 154 2030 scrt.
178 1961 224 2027 be
245 1991 268 2016 =
288 1961 353 2045 ire,
377 1962 497 2046 κιχάνω
520 1967 631 2029 autem
653 1987 684 2017 =·
697 1962 868 2045 consequi,
893 1962 1088 2045 quinimmo
1111 1993 1134 2018 =
1155 1981 1275 2047 capere

71 2067 179 2151 fricto
204 2071 236 2133 Φ
252 2067 314 2133 128
338 2065 393 2151 (cf.
410 2067 509 2134 etiam
533 2064 672 2153 ἀκίχητα
695 2066 780 2155 ἤθεα
796 2067 915 2134 Aestii.
931 2068 1040 2134 Proin.
1059 2069 1146 2155 187).
1181 2068 1278 2146 Com:

73 2171 211 2255 paravit
247 2170 377 2253 quidam
410 2171 479 2238 Leo
512 2171 629 2256 Meyer
666 2170 846 2253 composita
883 2171 1076 2239 senscritica
1113 2191 1198 2255 quae
1232 2173 1275 2239 ad

74 2294 218 2360 graecae
247 2275 337 2343 vocis
367 2275 637 2360 significationem
674 2293 777 2358 prope
806 2275 983 2357 accedunt,
1015 2277 1073 2343 sed
1104 2275 1194 2343 aliud
1223 2281 1276 2344 est

74 2380 187 2448 occire
209 2379 298 2447 aliud
321 2380 477 2463 invenire,
500 2379 590 2447 aliud
611 2378 702 2462 sequi
724 2377 814 2446 aliud
836 2379 995 2462 consequi.

164 2484 263 2563 Adde
294 2485 380 2567 quod
414 2483 599 2551 declinandi
633 2488 668 2550 at
700 2481 872 2551 derivandi
904 2483 990 2551 ratio
1028 2502 1113 2564 quae
1145 2484 1180 2551 in
1212 2485 1275 2552 hac

74 2589 232 2673 prosapia
255 2589 382 2656 obtinet
402 2606 537 2672 prorsus
560 2587 650 2654 aliud
673 2587 800 2654 suadet.

164 2694 284 2779 κιχάνω
314 2693 444 2761 unicum
474 2693 570 2760 ἱκάνω
604 2694 641 2779 (=
670 2690 851 2779 *faa-dvra)
884 2693 985 2761 habet
1017 2712 1154 2776 quocum
1189 2712 1274 2762 com-

74 2806 235 2883 ponatur;
259 2818 344 2881 quae
366 2799 567 2884 comparatio
590 2799 723 2866 sirecte
744 2796 899 2865 instituta
913 2803 974 2882 est,
998 2799 1127 2866 Atticos
1149 2796 1275 2884 κῖχᾶοω

75 2923 102 2972 Β.
130 2903 256 2988 κῑχάνω
286 2902 320 2988 (i.
348 2922 377 2970 e.
408 2904 547 2989 κικχάνω
574 2902 614 2970 G.
638 2903 808 2970 Hermann
838 2922 898 2970 em.
929 2910 992 2971 rat.
1023 2923 1159 2988 gramm.
1183 2903 1275 2992 60)⁶)

75 3007 200 3075 dixisse
222 3008 390 3090 probabile
413 3013 480 3076 est:
509 3005 628 3094 κῑχᾶνω
650 3008 783 3092 saepius
804 3008 935 3093 legitur,
959 3009 1018 3076 sod
1041 3029 1062 3077 a
1084 3010 1205 3078 criticis
1227 3011 1274 3078 in-

74 3112 220 3180 festatur
241 3113 382 3199 κιγχάνω
404 3113 524 3196 ubique
546 3113 677 3183 restitui
699 3113 896 3197 iubentibus,
919 3113 947 3181 si
971 3114 1048 3196 quid
1071 3114 1181 3198 video,
1206 3116 1277 3183 sine

77 3217 146 3285 ullo
168 3222 363 3303 argumento
385 3218 513 3286 idoneo.

148 3463 170 3532 ¹)
187 3468 285 3520 ἵκοντο
306 3471 334 3518 et
353 3467 455 3519 lucror
473 3462 537 3517 libri
557 3476 579 3532 ψ
598 3468 649 3518 318
669 3462 739 3531 (sim.
757 3469 779 3516 θ
797 3467 866 3531 861).

149 3551 322 3619 'lveraibus
348 3550 680 3621 Batrachomyomachiae
707 3561 740 3609 to
771 3561 817 3609 καὶ
845 3555 879 3608 orl
909 3556 998 3615 πόνος
1020 3551 1127 3610 indm
1151 3554 1279 3624 (Ιοχονεν

74 3640 109 3696 ci.
120 3637 239 3708 Brandt)
258 3639 352 3708 ἄνδρα
370 3645 399 3692 et
411 3635 553 3707 Euripidis
570 3636 643 3693 Med.
657 3646 709 3695 668
728 3643 838 3703 ἱκάνεις
850 3640 896 3695 BC
909 3640 1046 3708 (ἐστάλης)
1065 3640 1159 3696 malim
1177 3640 1206 3695 in
1224 3642 1279 3697 hac

75 3742 107 3781 re
127 3740 183 3781 non
201 3727 251 3781 uti.

148 3814 170 3882 θ)
190 3815 319 3868 ἱκάνεται
339 3815 473 3884 ἀφικάνω
492 3820 543 3869 etc.
568 3814 686 3882 amplius
715 3816 794 3872 lbiea.
819 3846 853 3856 —
875 3815 940 3871 Hes.
965 3813 1105 3882 Theogon.
1132 3820 1191 3871 681.
1217 3821 1277 3870 tat.

75 3902 150 3958 scut
170 3906 205 3955 sa
224 3900 274 3970 (a).

146 3991 169 4056 ⁴)
189 3986 274 4041 Velut
299 3987 330 4042 G.
356 3988 475 4058 Meyeri¹
497 3988 582 4060 §aot
607 4006 633 4058 p.
659 3999 718 4049 148.
755 3992 788 4046 V.
807 3992 913 4062 Hanryi
940 3990 1031 4046 Etude
1056 4006 1103 4046 sur
1128 3990 1278 4060 l'analogie

77 4082 136 4132 lat.
164 4074 200 4130 de
227 4075 393 4144 Fierlingeri
421 4075 478 4131 KZ.
503 4077 609 4132 XXVII
634 4084 694 4134 432.
730 4079 940 4136 beschmanni
968 4079 1027 4148 ldg.
1056 4079 1210 4149 Vocalsyst.
1235 4085 1277 4132 89.

74 4161 506 4234 BmgmanniGr.Gr.§115b.
539 4161 663 4221 Bremeri
682 4167 735 4221 PB.
755 4167 795 4220 xl
815 4172 874 4220 112.
907 4165 1085 4222 dohanasonii
1105 4165 1277 4223 (latiarem.

74 4260 164 4308 contr.
183 4267 223 4320 gr.
242 4249 308 4319 ling.
328 4257 369 4307 at.

147 4340 168 4407 ι)
187 4337 228 4393 Cf.
249 4344 337 4409 rupto
363 4341 432 4412 όκχιί
457 4342 589 4413 σκύπψος
616 4343 690 4411 quod
717 4342 819 4412 legitur
837 4342 920 4399 etiam
940 4342 968 4397 in
994 4341 1074 4397 titulo
1099 4341 1175 4396 cuins
1200 4341 1277 4395 teati-

73 4428 168 4482 monio
203 4424 381 4495 redarguitur
411 4425 540 4487 Ostboffri
576 4429 693 4503 suspicio
723 4430 788 4493 ΜΗ.
817 4431 856 4491 IV
890 4435 945 4486 lta.
979 4461 1010 4468 -
1038 4429 1080 4488 cf.
1110 4430 1192 4485 etiam
1219 4426 1276 4482 KZ.

74 4514 168 4571 xxlx
189 4519 249 4576 aab.
