2940 5026
558 139 798 231 Lrsa-

72 372 150 419 esse
172 353 206 419 in
236 354 299 419 hac
325 352 366 418 de
398 372 463 434 qua
489 352 601 435 agitur
630 372 712 441 voce
742 359 846 420 testes
877 362 955 422 sunt
983 356 1141 424 lectiones
1172 361 1278 426 ‚1350

72 459 220 542 γίνονται
250 459 423 541 γείνοντατ,
452 462 486 523 Δ
507 458 570 524 245
593 460 733 542 γαλαται
762 459 832 525 cdd.
856 459 887 524 A
910 458 1029 527 ubine
1053 479 1114 545 ego
1146 463 1275 544 quidem

71 560 272 644 scripturam
297 589 323 626 ει
355 560 531 628 defendere
562 563 666 631 ausim
697 562 872 643 mtdtisque
902 561 975 628 aliis
1006 564 1143 631 aliorum
1175 567 1275 650 scrip·

72 672 183 733 torum
206 666 295 733 locis.
306 668 331 753 ¹)

163 773 288 841 Temen
315 791 422 854 neque
450 773 535 840 hanc
564 793 671 855 neque
701 773 852 841 aliorum.
871 773 1069 841 sententiam
1100 776 1154 857 qui
1189 796 1272 843 com·

71 883 193 959 parato
217 883 293 945 scrt.
312 878 391 962 jope
414 880 462 963 (<
486 879 628 965 *pp-joi)
652 885 795 965 γείνομαι
824 897 866 944 ex
881 876 1046 962 *yc'vjopao
1069 885 1176 946 ortum
1200 899 1274 948 esse

70 983 317 1069 suspicantem
348 985 549 1066 probandam
578 985 671 1051 duco.
717 984 783 1050 Cur
813 982 860 1049 sic
888 989 1049 1065 statuam,
1080 984 1170 1050 locos
1193 986 1271 1052 Hes.

70 1087 162 1155 Scut.
187 1091 229 1154 88
253 1090 419 1172 Theogon.
437 1092 500 1156 202
524 1096 560 1156 Χ
580 1087 642 1155 471
674 1095 702 1154 Y
723 1091 784 1154 128
807 1088 874 1172 (cui
896 1088 1008 1156 versui
1030 1089 1128 1171 plone
1151 1088 1273 1156 similes

70 1200 151 1259 sunt
181 1195 290 1262 verbis
320 1195 439 1263 leviter
468 1194 605 1261 mutatis
628 1195 660 1258 Ω
690 1195 754 1259 210
784 1221 804 1277 η
831 1192 907 1277 198)
935 1192 1014 1257 Hes
1039 1193 1206 1276 Theogon.
1231 1196 1272 1259 82

70 1299 258 1366 accuratius
291 1300 478 1382 inspicienti
510 1298 662 1365 continuo
695 1296 883 1379 apparebit:
918 1295 969 1361 his
1004 1295 1089 1361 enim
1121 1295 1271 1365 versibus

69 1423 151 1470 vero
189 1405 371 1486 proximum
409 1405 542 1472 videtur
579 1402 805 1486 agnoscendas
844 1419 918 1466 esse
955 1400 1112 1466 aoristi
1149 1401 1271 1467 formas

68 1508 246 1594 γεινόμεθα
284 1509 482 1595 γεινόμενος,
522 1508 608 1590 quod
643 1513 680 1574 nt
717 1507 961 1573 demonstretur
998 1503 1144 1588 singulos
1181 1505 1271 1572 locos

68 1615 185 1681 ordine
207 1633 461 1698 percenseamus
483 1632 620 1680 necesse
643 1619 703 1678 est.

157 1719 209 1785 De
231 1718 318 1788 Jove
341 1717 579 1801 Amphitruone
603 1716 760 1783 Alcmena
786 1717 875 1782 haec·
897 1716 1053 1799 leguntur
1082 1714 1170 1799 apud
1194 1732 1268 1780 anc-

64 1832 173 1892 torcm
198 1825 289 1892 Scuti
312 1826 398 1908 qnod
421 1823 558 1891 Hesiodi
579 1823 708 1890 nomine
732 1820 976 1888 circumfertur:

314 1937 419 1986 Φίκιον
438 1930 596 2003 α’κρότατον
615 1928 810 2003 προσεβήσατο
828 1931 947 1995 μητίετα
965 1924 1047 1984 Ζεύς·
1236 1928 1270 1976 33

315 2020 388 2072 ἔνθα
406 2018 598 2087 καθεζόμενος
616 2021 705 2089 φρασὶ
724 2014 830 2084 μήδετο
849 2015 970 2068 θέσκελα
989 2014 1067 2085 ἔργα·

315 2107 383 2180 αδτῇ
401 2103 533 2179 μὲνγὰρ
553 2110 632 2160 νυκτί
654 2104 835 2175 τανυσφύρου
855 2101 1042 2176 Ἤλεκτρολνης

315 2197 389 2269 stirp·
400 2201 447 2249 καὶ
467 2196 595 2265 φιλότητι
613 2199 694 2263 μίγη,
714 2194 825 2246 τέλεσεν
845 2188 870 2242 δ’
890 2187 935 2262 ἄρ’
955 2188 1065 2261 ἐέλδωρ·

316 2281 384 2355 αὐτῇ
404 2280 429 2334 δ’
448 2282 628 2354 Ἀμφιτρύων
647 2280 786 2339 λαοσσόος
806 2275 911 2348 τλγλαὸς
932 2271 1004 2345 ἥρως

315 2371 459 2429 ἐκτελέσας
476 2373 553 2439 μέγα
571 2370 656 2443 ἔργον
674 2368 795 2437 α’φίκετο
816 2359 883 2421 ὅνδε
904 2362 1036 2433 δόμονδε.
1235 2367 1269 2416 88

314 2455 472 2525 παννύχιος
492 2455 517 2508 δ’
536 2454 583 2528 ἄρ’
602 2457 696 2509 ἔλεκτο
715 2451 769 2508 σὺν
788 2451 881 2525 αἰδοίῃ
901 2457 1054 2524 παρακοίτι
1098 2505 1103 2510 ,
1234 2456 1267 2504 46

314 2542 489 2615 τερπόμενος
510 2541 626 2615 δώροισι
645 2541 824 2613 πολυχρύσου
843 2538 1016 2610 Ἀφροδίτης·

313 2628 329 2695 ἢ
349 2629 379 2684 δὲ
400 2629 459 2698 θεῷ
479 2629 622 2698 δμηθεῖσα
640 2632 686 2680 καλ
707 2629 791 2701 α’νέρι
812 2625 917 2681 πολλὸν
937 2628 1042 2698 δρίστῳ

313 2718 387 2791 Θιίβῃ
407 2720 438 2771 ἐν
456 2717 608 2786 ἑπταπύλῳ
628 2715 789 2784 διδυμαόνε
808 2721 951 2784 γείνατο
970 2711 1055 2767 παῖδε

314 2801 411 2858 οὐκέθ’
431 2802 489 2875 ὁμὰ
510 2810 675 2875 φρονέοντε.

62 2889 194 2956 Eadem
228 2889 299 2955 fere
333 2890 392 2956 sed
424 2890 595 2957 humiliore
629 2910 778 2957 sennone
809 2898 843 2958 et
879 2891 989 2959 verbis
1020 2906 1113 2955 socco
1144 2905 1267 2952 accom-

62 2995 207 3063 modatis
235 3000 393 3077 concepta
419 2996 522 3062 habet
542 2997 650 3063 Plant.
674 2997 836 3080 Amphitr.
864 2998 947 3064 1135
970 3016 1039 3078 sqq.
1071 2993 1125 3060 ubi
1148 2992 1266 3058 Jovem

62 3101 99 3166 in
122 3101 209 3167 hnnc
232 3101 361 3168 modum
384 3103 572 3184 loquentem
594 3102 691 3169 iacit:

310 3205 432 3260 Primum
451 3207 571 3261 omnium
591 3208 760 3262 Alcumenae
779 3223 889 3262 usuram
908 3203 1031 3273 corporis

310 3294 376 3362 Cepi
395 3303 423 3348 et
441 3294 587 3350 concubitu
606 3294 747 3363 gravidam
767 3295 821 3351 ieci
840 3295 905 3351 filio.

311 3381 352 3436 'I'u
372 3383 515 3450 gravidam
534 3383 600 3438 item
620 3384 716 3452 iecisti,
735 3401 816 3453 quom
836 3382 1032 3439 inexercitum

310 3468 468 3525 Profectus:
488 3486 543 3524 uno
561 3478 645 3537 partu
663 3469 731 3525 duos
749 3470 894 3538 peperit
913 3469 1009 3525 semul.

138 3664 158 3732 1)
177 3663 276 3719 Aesch.
297 3659 390 3730 Suppl.
418 3665 464 3715 tot
490 3669 613 3732 γείνααι
637 3660 698 3716 cod.
722 3659 759 3716 M.
780 3687 810 3697 -
831 3657 963 3727 Hyperid.
988 3657 1031 3714 ed.
1055 3657 1135 3712 Bless
1157 3663 1167 3695 ²
1186 3661 1264 3712 Ἑπι-

64 3751 169 3821 ττλροος
188 3750 242 3804 ΧΠ
261 3750 348 3819 dilll)
371 3757 380 3802 l
403 3756 528 3820 γείνεται
547 3751 592 3806 A.¹
614 3777 644 3787 -
670 3749 731 3805 Vol.
751 3748 831 3801 Herc.
858 3747 967 3814 saepius
993 3754 1116 3815 γέίνεται
1141 3761 1166 3797 v.
1184 3746 1265 3799 Bam·

63 3837 132 3906 berg
150 3838 218 3893 zfs.
239 3836 361 3891 XXVIII
381 3842 421 3890 14.
440 3866 473 3874 -
492 3833 590 3889 Καὶοο]
610 3852 651 3888 nr.
673 3840 738 3889 1129
758 3836 940 3906 (producta)
960 3859 993 3878 α
1012 3834 1068 3888 ΛΡ,
1083 3832 1122 3886 xl
1136 3838 1178 3900 38,
1198 3840 1264 3901 usq.

64 3927 208 3996 (γινόμτθ
226 3924 286 3980 οοδ.
306 3924 384 3993 Pet).
403 3954 437 3962 —
455 3923 653 3991 Dittenberger
671 3921 772 3992 Syllog.
791 3938 833 3980 nr.
853 3926 913 3990 246,
933 3927 973 3976 15.
1009 3919 1202 3975 Mullensiefen
1222 3922 1265 3975 tit.

63 4012 152 4068 lacon.
175 4027 217 4068 nr.
237 4018 285 4080 50,
310 4016 351 4065 18.
388 4010 485 4066 collita
510 4027 551 4064 nr.
575 4016 653 4079 1461,
680 4015 711 4063 λθ
737 4012 935 4082 (γεινόμενον;
959 4026 983 4062 v.
1004 4017 1018 4062 d
1043 4009 1208 4079 γινόμενον)
1228 4008 1264 4065 ολ.

63 4099 251 4156 Meisterhans
272 4105 282 4137 ¹
301 4105 343 4154 88.
364 4129 394 4138 -
420 4106 573 4170 γείνασθαι
598 4096 626 4150 in
646 4104 795 4167 γείνασθαι
815 4105 975 4163 corruptum
1002 4104 1020 4150 θ
1047 4101 1106 4152 312.
1137 4096 1192 4151 ΑΡ.
1211 4096 1264 4151 vu

64 4194 457 4345 46⁷’¹⁴;·liuh111(Z.V,210.
494 4271 603 4326 Curtius
630 4270 712 4324 Verb.
737 4270 761 4322 1²
786 4275 845 4325 313.
877 4269 908 4322 G.
929 4271 1036 4340 Meyer²
1059 4270 1144 4340 §519
1167 4286 1193 4339 p.
1213 4279 1263 4326 454

65 4363 180 4433 (dubit).
216 4363 247 4417 1..
266 4362 362 4432 Meyer
389 4359 451 4428 vgl.
475 4360 522 4413 Gr.
549 4359 575 4413 Ι1
605 4365 653 4412 144
681 4357 727 4426 qui
755 4357 846 4411 nescio
873 4373 929 4426 quo
957 4356 991 4410 de
1018 4373 1102 4414 cauca
1129 4367 1263 4430 γείνομαι

64 4452 184 4507 Homero
204 4449 371 4517 denegatum
389 4445 588 4502 recentioribus
605 4448 681 4502 velut
700 4446 776 4501 Sonti
793 4445 898 4501 auctori
917 4447 1059 4504 concessit.
