2986 5010
631 864 768 961 Liber
798 864 983 962 tertius.

581 1079 608 1142 I.
641 1081 791 1160 Στίχοι
816 1075 1031 1161 ἀκέφαλοι.

296 1220 437 1283 Versum
468 1217 593 1298 epicum
624 1214 799 1296 aliquando
830 1234 850 1278 1
878 1212 951 1277 basi
981 1231 1065 1292 quae
1096 1211 1215 1276 dicitur
1247 1209 1411 1275 liberioris

208 1320 474 1388 conformationis
509 1318 671 1400 incepisse
707 1317 796 1382 haud
836 1315 948 1396 inepte
986 1314 1132 1395 conligas
1170 1332 1211 1377 ex
1254 1312 1410 1394 analogia

208 1423 389 1491 hexametri
423 1421 537 1487 aeolici
567 1420 674 1504 (velut
696 1421 807 1484 Aleae.
832 1418 871 1482 fr.
895 1417 962 1500 46),
973 1418 998 1501 1)
1029 1417 1130 1489 cuius
1149 1416 1183 1481 in
1214 1417 1277 1480 hac
1309 1434 1410 1480 causa

208 1529 314 1592 solere
344 1525 539 1590 mentionem
570 1524 680 1588 facere
710 1523 995 1589 Wilamowitzium
1027 1522 1165 1586 memini.
1211 1522 1259 1585 Et
1290 1542 1409 1588 revera

209 1633 418 1711 agnoverunt
453 1626 487 1690 in
526 1626 668 1690 Homero
706 1625 782 1690 inde
821 1627 862 1690 ab
901 1625 1097 1704 antiquitate
1135 1626 1343 1705 grammatici
1378 1632 1411 1691 et

209 1732 336 1798 metrici
365 1730 442 1796 talis
472 1729 623 1794 licentiae
647 1730 797 1810 exempla
827 1748 892 1809 qua
914 1729 947 1792 in
975 1729 1081 1793 locum
1104 1727 1228 1808 primae
1258 1730 1409 1811 syllabae

208 1837 328 1917 longae
359 1839 479 1899 natura
508 1831 619 1899 brevis
648 1832 900 1919 substituiturf)
946 1832 1041 1915 Quod
1062 1832 1150 1897 inter
1179 1838 1230 1897 tot
1252 1852 1409 1902 versuum

209 1939 297 2005 milia
331 1939 419 2019 apud
449 1937 627 2002 Homerum
661 1956 726 2001 uon
757 1937 820 2000 nisi
849 1936 945 2018 pauci
975 1936 1132 2022 ἀκέφαλοι
1161 1975 1201 1983 -
1230 1937 1293 2002 hoc
1324 1938 1409 2003 eninr

209 2062 326 2109 nomen
357 2041 590 2124 grammaticus
618 2041 749 2120 quidam
777 2040 872 2121 primi
901 2047 978 2122 post
1000 2042 1074 2106 Chr.
1104 2040 1259 2125 saeculi⁸)
1290 2041 1411 2107 indidit

208 2147 296 2212 illius
330 2165 427 2226 quam
468 2145 535 2210 dixi
575 2145 728 2210 licentiae
769 2146 960 2232 exemplis⁴)
996 2185 1035 2194 -
1070 2146 1296 2227 inveniuntur,
1336 2166 1409 2213 cum

207 2251 305 2330 longe
328 2248 458 2329 plurimi
479 2247 601 2313 iustum
624 2248 791 2331 dactylum
814 2249 868 2313 vel
891 2249 1069 2329 spondeum
1100 2249 1221 2332 dactyli
1250 2250 1409 2316 vicarium

207 2352 240 2417 in
269 2352 378 2417 fronte
408 2352 592 2432 exhibeant,
627 2352 704 2416 inde
737 2353 799 2416 hoc
829 2352 933 2416 solum
963 2351 1044 2416 effici
1076 2357 1201 2432 potest,
1233 2352 1300 2418 iam
1330 2360 1409 2420 aute

208 2455 342 2520 Homeri
365 2475 482 2523 aevum
499 2460 614 2536 poetas
638 2455 756 2536 epicos
784 2459 822 2519 ut
845 2474 961 2522 versus
984 2456 1117 2521 exordio
1138 2457 1211 2537 plus
1235 2458 1410 2522 accederet

208 2560 362 2640 ponderis
393 2565 427 2624 et
456 2560 649 2643 gravitatis
680 2560 713 2624 in
744 2560 932 2626 universum
963 2559 1114 2625 exiliores
1136 2562 1255 2625 baseos
1284 2561 1410 2627 formas

208 2683 382 2729 consuesse
406 2665 546 2745 evitare;
572 2665 743 2744 quominus
766 2670 876 2728 tamen
899 2663 1024 2744 aliquot
1039 2666 1189 2745 exempla
1212 2685 1253 2729 ex
1273 2670 1410 2730 vetusta

207 2767 441 2832 consuetudine
484 2766 616 2831 residua
654 2767 753 2831 etiam
791 2765 1027 2830 recentioribus
1064 2766 1140 2831 hinc
1176 2766 1253 2831 inde
1292 2786 1409 2832 ansam

208 2871 366 2950 praebere
397 2867 543 2948 potuisse
577 2869 619 2934 ad
653 2868 817 2933 licentiam
855 2873 934 2932 tunc
966 2868 1122 2949 temporis
1151 2868 1221 2933 fere
1251 2871 1409 2937 abolitam

209 2993 316 3054 neque
345 2979 456 3039 tamen
486 2973 644 3039 radicitus
668 2994 709 3038 ex
738 2971 893 3038 memoria
916 2977 951 3036 ct
972 2991 1033 3037 usu
1064 2977 1234 3053 poetarum
1259 2975 1408 3040 evulsam

209 3077 417 3159 confugiendi
433 3076 637 3158 arbitremur,
659 3077 738 3142 nibil
759 3076 940 3160 obstabit‚⁵)
957 3077 1129 3142 dummodo
1145 3078 1233 3142 locos
1249 3078 1409 3158 aliquam-

208 3315 345 3322 -—-›--0--
352 3314 416 3320 ⁹—-

282 3391 299 3455 1)
318 3388 466 3454 Westphal
490 3388 535 3442 Gr.
561 3387 676 3441 Metrih²
695 3394 747 3440 358
770 3412 802 3428 =
822 3386 965 3442 Rossbach
991 3388 1069 3455 Spez.
1088 3389 1134 3444 Gr.
1155 3388 1251 3441 bleta·
1269 3396 1317 3443 89:
1345 3399 1409 3444 alo—

209 3473 287 3528 λικὸν
307 3477 382 3532 ἔπος.

280 3562 300 3627 ²)
320 3561 456 3627 Exempla
474 3561 587 3628 collegit
605 3568 668 3626 post
687 3561 718 3615 G.
737 3560 890 3613 Hermanni
909 3561 1099 3627 (demetrio,
1118 3563 1152 3619 el.
1171 3562 1258 3619 doctr.
1272 3573 1352 3621 metr.
1365 3568 1408 3631 60)

209 3656 237 3701 et
254 3647 406 3701 Thierschii
431 3648 490 3714 (Gr.
509 3648 571 3704 Gr.l
594 3655 609 3711 ς·
631 3653 692 3712 141,
717 3654 742 3704 4.
768 3648 792 3714 5)
818 3662 930 3713 operam
953 3648 1062 3701 Ahrens
1087 3650 1202 3717 Conjug.
1227 3651 1278 3704 aus
1300 3673 1351 3720 -μι
1375 3658 1408 3704 35

209 3734 305 3803 [Beitr.
331 3752 354 3792 z.
375 3728 428 3791 lat.
453 3751 478 3791 u.
502 3751 542 3802 gr.
569 3735 661 3804 Etym.
689 3736 761 3803 1311,
790 3735 960 3801 repetierunt
987 3735 1119 3790 Kuehner
1146 3737 1171 3788 1¹
1199 3742 1250 3789 239
1277 3739 1303 3807 (ξ
1325 3744 1364 3804 15,
1384 3744 1409 3803 8)

211 3821 304 3876 Christ
323 3822 481 3879 11111111
500 3821 546 3889 qui
559 3838 641 3876 uuum
662 3823 747 3895 ἰανθῇ
761 3821 875 3878 addidit.
907 3820 948 3878 Cf.
967 3823 1051 3877 etiam
1070 3823 1163 3877 Rasch
1183 3823 1216 3876 de
1235 3823 1314 3891 prod.
1334 3824 1407 3879 brev.

211 3909 272 3978 syll.
295 3915 334 3973 11,
352 3908 394 3962 La
414 3908 506 3962 Roche
525 3925 588 3987 app.
608 3908 644 3963 ad
664 3918 681 3963 1
696 3916 711 3962 5
730 3909 778 3964 alii
797 3925 912 3978 quorum
930 3914 1037 3978 partem
1057 3911 1113 3964 suis
1132 3910 1198 3964 locis
1217 3909 1350 3967 laudabo.

281 3997 302 4063 ι)
323 3994 421 4048 Rohde
439 3994 509 4050 Poll.
529 3994 597 4052 t‘ont.
616 4001 649 4047 46
662 4002 718 4049 not.
743 3996 887 4048 Rauscher
906 3995 991 4051 schol.
1010 3996 1081 4050 hom.
1102 3996 1138 4050 ad
1157 4014 1178 4050 r,
1197 4015 1232 4050 m.
1252 3999 1406 4063 pertimet.

210 4080 327 4146 Neglegi
345 4079 423 4133 video
442 4081 627 4136 testimonium
647 4080 718 4134 Velii
737 4080 826 4148 Longi
844 4081 896 4134 Vll
917 4088 958 4148 54,
977 4090 1002 4138 8.
1022 4089 1063 4149 55,
1083 4090 1123 4136 18.

280 4167 301 4234 ⁴)
320 4166 373 4232 Qui
391 4166 433 4219 ‘de
452 4168 602 4233 speciebui'
621 4167 664 4221 rel
683 4166 726 4220 ‘de
743 4168 815 4222 vitiis
828 4169 984 4222 hexametri
996 4170 1109 4223 heroici'
1129 4171 1407 4237 seripserunttwtest·

209 4253 277 4320 phal
304 4253 351 4308 Gr.
378 4253 509 4321 Rhythm.
537 4271 561 4306 n.
590 4255 684 4307 Harm.
713 4260 764 4307 210
789 4270 845 4322 sqq.
887 4255 972 4321 Uhlig
1000 4255 1081 4312 Dion.
1105 4256 1204 4312 Thrac.
1227 4273 1254 4324 p.
1277 4265 1343 4325 121,
1369 4264 1407 4312 to.

210 4339 290 4393 Voltz
309 4354 403 4393 comm.
424 4339 544 4393 Studem.
566 4347 597 4392 19
616 4342 685 4410 sqq.)
705 4340 868 4395 mentionem
888 4341 1004 4395 iniciunt
1022 4350 1124 4411 στίχων
1144 4346 1307 4413 ιίκεᾳιάλων.

282 4424 301 4490 ⁵)
321 4421 406 4479 Δ111111.
427 4427 482 4478 421
