2956 5040
433 205 786 303 '-1ao-

66 427 116 493 Cf.
142 449 173 496 v.
197 429 262 494 456
287 431 316 493 ‘o
339 428 435 494 modo
457 428 578 493 nate'.
624 427 782 507 Apprime
804 445 876 493 cum
899 425 950 491 his
973 425 1162 508 conspirant
1185 445 1269 508 quae

65 531 244 598 Weinhold
275 531 538 617 (Altnordisches
570 531 682 596 Leben
707 530 786 614 283)
817 535 968 596 enarrat:
994 530 1076 596 ‘Wir
1106 532 1267 614 erfahren,

65 637 146 702 dass
177 654 253 702 man
283 636 336 701 die
365 635 604 702 menschlichen
637 633 907 701 Vertreterinneu
942 634 1002 700 der
1031 635 1180 719 Nomen,
1216 637 1268 702 die

66 741 192 807 weisen
215 740 349 807 Freuen
381 741 461 805 oder
487 739 624 822 Walen,
655 738 781 820 einlud,
813 759 872 805 zur
901 739 1018 822 Wiege
1048 760 1089 806 zu
1118 743 1268 807 kommeu

65 846 135 913 und
159 846 217 911 des
241 846 366 912 Kindes
389 843 620 911 Lebensiaden
643 865 684 911 zu
707 864 856 925 spanuen
880 843 946 910 und
969 864 1009 911 zu
1033 845 1168 911 richten.
1215 846 1269 910 Sie

65 951 183 1016 thatcn
214 969 250 1016 es
281 956 378 1017 unter
407 949 559 1016 feienden
590 948 767 1030 Sprilchen.
798 987 838 996 —
867 950 921 1016 Sie
953 951 1085 1016 ahmten
1116 969 1178 1016 nur
1209 950 1268 1014 das

65 1056 162 1136 uach,
186 1074 256 1124 was
279 1075 355 1121 man
378 1055 441 1121 den
465 1056 598 1120 Nomen
621 1054 724 1120 selbst
745 1054 935 1120 zusclrrieb!
981 1054 1136 1137 Sequitur
1157 1055 1269 1120 fabula

65 1179 138 1225 curn
163 1159 324 1242 Meleagri
346 1158 457 1225 fabula
480 1159 600 1241 insigni
624 1159 765 1239 quadam
788 1159 999 1225 similitudine
1023 1166 1174 1244 cognata.

156 1263 217 1329 His
255 1264 449 1330 testimoniis
486 1264 611 1331 innisus
649 1264 729 1329 locis
767 1283 848 1344 quos
882 1285 923 1330 er
957 1266 1100 1330 Homero
1134 1264 1269 1332 laudavi

66 1369 226 1435 aomstum
249 1370 419 1459 γεινομένῳ
434 1367 555 1450 optime
579 1367 753 1436 convenire
770 1367 927 1450 arbitror;
952 1388 1049 1448 quam
1072 1369 1268 1434 sententiam
1352 1358 1355 1363 ⁵

65 1473 167 1540 valde
189 1474 318 1556 gaudeo
342 1474 428 1554 quod
451 1492 570 1557 graeco
594 1473 743 1555 exemplo
767 1473 940 1539 adstruere
963 1493 1110 1555 possum:
1140 1474 1269 1539 Κλωθώ

67 1581 86 1665 ἢ
113 1576 237 1668 ἑκάστῳ
260 1579 395 1656 ἐπέταξε
423 1579 607 1663 γεννηθέντι
639 1576 678 1642 τὰ
709 1579 851 1662 πρακτέα
883 1577 967 1643 dixit
995 1577 1267 1665 Ιι1181811118νεκρ.
1315 1629 1319 1637 .

67 1682 191 1768 διαλόγ.
227 1686 285 1764 30,
320 1684 350 1748 2.
396 1683 561 1747 Praesens
594 1683 743 1764 γομέοντι
778 1682 871 1747 iuxta
906 1682 1064 1747 aoristum
1099 1685 1270 1774 γεινομένῳ

66 1790 166 1854 8208
190 1787 319 1853 facilem
342 1788 442 1852 habet
458 1786 671 1867 explicatum:
696 1787 822 1852 Parcae
846 1787 969 1869 nuptiis
992 1787 1086 1868 quasi
1108 1788 1269 1854 interesse

64 1893 247 1959 creduntur
280 1897 315 1957 et
343 1892 406 1957 hac
436 1891 606 1957 occasione
638 1891 754 1956 marito
786 1899 820 1957 et
849 1892 944 1957 uxori
972 1897 1094 1958 sortem
1123 1891 1268 1958 futuram

65 1998 274 2080 &assiduam
319 1997 359 2063 of.
404 1997 557 2080 Aeschyl.
602 1996 767 2062 Prometn
807 1999 869 2063 899
904 2016 952 2078 sq.
998 1998 1165 2080 Aristoph.
1205 2000 1267 2066 Av.

69 2105 152 2169 1731
179 2121 249 2183 sqq.
296 2100 414 2167 Oatull.
438 2120 465 2167 c.
490 2103 541 2182 ol,
566 2103 640 2166 305.

157 2208 360 2290 Quamquam
382 2204 505 2270 infitias
528 2223 593 2269 non
617 2221 665 2285 co,
690 2204 835 2285 potuisse
851 2203 1028 2270 Homerum
1053 2205 1152 2270 etiam
1174 2224 1269 2298 prae·

64 2312 172 2377 seniis
184 2312 290 2376 forma
302 2311 350 2376 uti
366 2310 601 2396 (γιγνομέναισι
617 2308 700 2394 λα’χιγ
717 2310 788 2374 τάδ’
800 2309 852 2395 ἐφ’
870 2301 947 2391 ἇμιν
959 2308 1099 2395 ἐκράνθη
1115 2309 1268 2391 Aeschyl.

64 2417 206 2482 Eumen.
231 2419 294 2482 339
318 2415 390 2481 coll.
414 2416 512 2500 328);
544 2416 614 2482 sive
646 2415 752 2496 poetis
782 2433 893 2481 sumas
924 2415 958 2480 in
984 2415 1047 2481 hac
1076 2434 1112 2480 re
1139 2414 1269 2480 licuisse

65 2521 173 2587 minus
208 2527 361 2587 accurate
395 2520 484 2601 loqui
518 2519 588 2586 sive
623 2519 761 2584 alteram
795 2519 889 2585 iuxta
922 2519 1023 2585 fuisse
1058 2520 1194 2586 Graecis
1229 2520 1270 2584 de

65 2626 248 2690 Parcarum
272 2643 407 2691 munere
430 2623 613 2705 opinionem
638 2623 816 2704 paullulum
840 2623 1004 2691 diversam
1029 2644 1069 2690 ex
1093 2643 1157 2705 qua
1181 2623 1270 2709 παρὰ

67 2728 125 2795 τὸν
149 2735 210 2795 τῶν
233 2728 356 2795 ω’δῖναιν
371 2727 484 2811 καιρὸν
507 2727 706 2812 παριστάναι
727 2729 782 2793 καί
804 2728 994 2795 larundam
1018 2727 1057 2794 τὰ
1075 2735 1132 2815 τῆς
1156 2729 1270 2812 εἱμαρ-

64 2837 166 2919 μένης
190 2835 249 2919 (sc.
273 2831 391 2898 infanti
413 2832 579 2912 nascenti,
611 2850 675 2896 non
699 2833 827 2917 nato)¹)
851 2832 1038 2899 creduntur.
1085 2833 1150 2898 Sed
1174 2844 1268 2899 ante-

66 2957 165 3018 quam
189 2936 367 3001 Homerum
383 2953 503 3001 revera
524 2933 557 2999 in
574 2935 635 2999 hac
659 2934 810 3015 opinione
826 2935 928 3001 fuisse
952 2937 1051 3002 certis
1067 2939 1269 3020 argumentis

66 3042 328 3113 demonstratum
352 3038 416 3104 erit
438 3076 478 3084 —
502 3036 535 3103 id
559 3037 645 3117 quod
673 3055 734 3119 ego
758 3057 822 3103 non
845 3040 1019 3122 praesagio
1043 3041 1098 3120 qui
1121 3041 1269 3108 accidere

67 3144 174 3226 possit
204 3181 244 3189 -
274 3143 336 3208 hoo
365 3143 523 3224 probasse
553 3141 630 3206 mihi
660 3141 796 3208 videbor
840 3150 867 3207 Y
900 3145 961 3209 128
997 3146 1028 3209 Ω
1059 3148 1124 3212 210
1153 3176 1173 3232 η
1208 3151 1269 3213 198

68 3254 89 3313 ὁ·
103 3251 166 3313 298
191 3247 348 3312 aoristi
372 3246 578 3328 participium
595 3248 765 3337 γεινομένῳ
788 3248 931 3315 locorum
948 3250 1133 3316 sententiae
1156 3256 1269 3332 aptum

66 3371 152 3418 esse.
188 3352 241 3416 Ex
264 3352 313 3417 his
335 3353 415 3417 locis
438 3351 561 3432 pendet
584 3353 796 3437 γεινομένοισι
820 3353 954 3419 Hesiod.
980 3355 1102 3437 Theog.
1128 3357 1191 3421 219
1215 3356 1270 3436 qui

66 3476 185 3526 versus
208 3476 281 3523 cum
304 3475 499 3540 praegresso
523 3459 586 3522 218
611 3476 652 3523 ex
676 3460 739 3524 905
763 3477 810 3538 sq.
834 3459 1024 3541 interpolati
1050 3465 1136 3526 sunt.

156 3563 236 3628 Hes.
261 3562 427 3644 Theogon.
453 3563 493 3627 82

331 3661 430 3721 ὅντινα
449 3666 588 3735 τιμήσωσι
607 3664 675 3725 Διὸς
694 3668 795 3739 κοῦραι
813 3669 954 3736 μεγάλοιο

328 3754 502 3823 γεινόμενόν
510 3755 531 3817 ²)
549 3770 578 3805 τε
599 3752 680 3805 ἴδωσι
700 3753 875 3822 διοτρεφέων
893 3755 1034 3823 βασιλήων

67 3842 184 3920 aoristi
206 3841 414 3924 participium
436 3839 529 3905 iuxta
552 3839 710 3906 aoristum
727 3841 838 3907 ἴδωσιν
859 3842 966 3907 locum
980 3842 1103 3909 habere
1126 3844 1269 3924 perbene

67 3954 193 4031 potest;
216 3946 361 4012 indicare
385 3945 470 4011 enim
493 3943 625 4011 videtur
655 3944 770 4010 aoristi
798 3945 1005 4028 participium
1035 3946 1068 4012 in
1099 3947 1269 4013 enuntiato

67 4053 161 4119 cuius
191 4053 327 4120 verbum
357 4068 476 4134 regens
515 4054 550 4114 et
582 4049 689 4133 ipsum
724 4049 839 4116 aoristi
870 4049 976 4116 forma
1011 4056 1063 4116 est
1095 4055 1269 4132 utrumque

67 4157 192 4225 factum
221 4157 255 4224 in
284 4156 371 4223 idem
402 4161 530 4237 tempus
561 4154 760 4237 coincidere;
791 4154 831 4220 ci.
860 4155 977 4221 Horat.
1001 4174 1099 4222 carm.
1122 4156 1171 4224 IV
1194 4160 1267 4240 3‚1

140 4350 165 4416 ¹)
184 4348 268 4403 schol.
288 4346 324 4402 ad
343 4345 422 4402 Pind.
441 4346 520 4400 Nem.
539 4345 592 4399 Vll
613 4353 634 4399 1.

141 4438 162 4506 2)
181 4435 390 4505 Diphthongum
410 4437 504 4488 tuetur
522 4431 660 4488 Theocrit.
675 4433 753 4488 XVII
769 4441 800 4489 75
820 4437 925 4506 ἔξοχος,
946 4434 981 4491 δν
1000 4456 1030 4491 κε
1050 4436 1152 4508 φιλήσῃ
1171 4436 1269 4505 γεινό-

67 4542 160 4595 μενον
179 4522 213 4578 τοὶ
234 4526 339 4598 πρῶτα.
