2940 5026
688 205 925 271 -146-

207 394 409 480 Hesychius,
444 394 497 461 cni
526 414 585 478 pro
618 395 762 480 ἱερῶσιπ·
794 394 978 482 ἀφιερῶσαι
1008 399 1089 484 θεῷ,
1125 414 1212 477 quae
1249 396 1295 480 gl.
1326 398 1408 464 inter

208 501 352 586 ἱέρευσεν
374 505 409 566 et
431 500 500 588 ἱερή
523 500 645 584 legitur
669 501 820 586 ἱερεῶσαι
842 499 973 567 restitui
993 500 1086 567 iubet
1108 501 1188 566 ordo
1211 500 1406 569 litterarum.

293 606 416 672 Aetate
437 605 564 671 recenti
586 605 739 689 analogia
761 605 851 674 vocis
875 604 1050 692 ἱερωσύνη,
1082 625 1180 686 quam
1208 606 1408 688 posteriores

206 715 330 776 temere
353 729 412 792 pro
436 709 590 778 adiectivi
614 709 699 796 ἱερός
717 710 867 779 derivato
889 710 1044 776 habuisse
1065 710 1185 776 indicio
1201 729 1278 778 esse
1301 717 1409 794 potest

205 815 369 898 scriptura
400 813 549 901 ἱιριπῦνη
580 834 677 896 quam
708 815 830 898 passim
859 815 893 880 in
921 813 1028 880 coer.
1052 814 1165 898 legere
1194 834 1249 880 me
1279 816 1408 881 memini

206 920 427 1003 comparanda
457 939 529 986 oum
564 918 752 1007 ιῖγιιθοσὺνη
783 918 943 1004 nonenim
979 937 1064 999 quae
1096 923 1243 984 testatur
1277 919 1408 986 Lobeok

205 1023 438 1109 (Prolegomm.
458 1027 523 1091 239
545 1029 613 1091 not.
630 1025 675 1112 9),
699 1014 873 1094 novicia
896 1025 1060 1112 ἁγιωσύνῃ
1084 1023 1285 1113 ἀγαθωσύνη
1309 1053 1407 1112 μεγι-

206 1129 331 1216 λωσύνη
366 1128 455 1215 (ΕΜ.
488 1131 566 1213 275,
598 1130 655 1215 44)
690 1135 767 1197 cett.
804 1129 980 1213 progenuit
1014 1148 1150 1210 quorum
1188 1131 1406 1213 grammatico

204 1234 367 1316 genuinae
396 1233 600 1301 formationis
629 1254 746 1302 causas
777 1241 811 1301 ct
834 1234 976 1318 origines
998 1233 1171 1316 indaganti
1193 1235 1309 1300 nullus
1333 1254 1407 1301 usus

205 1343 266 1404 est.
311 1338 466 1423 Hesychii
496 1339 671 1407 ἱκειώσινιι
698 1346 759 1407 aut
787 1341 830 1407 ad
861 1340 999 1405 candem
1030 1339 1216 1423 analogiam
1248 1340 1407 1407 directum

205 1448 257 1509 est
278 1449 338 1509 aut
359 1464 401 1511 ex
424 1443 651 1532 *iaerpfdoova
674 1449 796 1528 orium3
820 1443 860 1510 ef.
878 1443 1007 1510 ἱκετεύω
1032 1443 1153 1510 ἱκετεία
1177 1473 1209 1499 <
1232 1444 1406 1533 *ixatqfr'm

206 1548 363 1633 ἱερατεύω
392 1547 537 1634 ἱερατειά
567 1550 709 1617 deducta
732 1568 758 1626 a¹
782 1549 912 1615 nomine
943 1548 1089 1634 ἱεραιιύς
1119 1549 1206 1629 quod
1238 1555 1408 1632 comparat

203 1651 237 1718 in
260 1652 356 1718 titulo
379 1654 473 1735 phoc.
497 1654 577 1720 Ocll.
600 1673 650 1719 nr.
675 1656 770 1739 1523,
795 1657 846 1721 24.
855 1655 881 1741 ¹)

291 1756 421 1823 Corruit
442 1756 544 1840 igitur
566 1758 788 1825 technicorum
810 1759 928 1843 regula
950 1765 985 1826 et
999 1759 1183 1840 exemplum
1206 1759 1296 1839 quod
1314 1764 1405 1840 puta-

203 1867 324 1930 verunt
356 1861 572 1929 certissimum
607 1869 642 1930 et
675 1863 905 1948 gravissimum
937 1862 1021 1947 legis
1055 1861 1276 1945 euphonicae,
1317 1863 1406 1929 cuins

203 1965 269 2035 vim
292 1967 424 2032 Lobeok
446 1966 611 2054 ameum)
642 1968 683 2034 de
706 1968 869 2039 Sanssnre
899 1968 998 2035 etiam
1019 1967 1054 2034 in
1084 1967 1220 2053 ἑτέρωθι
1245 1964 1406 2053 ἑτέρωθεν

202 2069 341 2157 ἑτέρωσε
371 2071 498 2138 collatis
523 2072 818 2160 inrapiat-tame
848 2074 911 2140 sibi
937 2075 1132 2141 observasse
1159 2071 1337 2155 videntum
1372 2078 1405 2138 at

201 2175 264 2240 hac
287 2176 453 2242 sententia
474 2195 590 2259 parum
612 2179 725 2260 profici
744 2178 864 2246 docent
885 2179 1090 2265 πρόσωθενθ)
1108 2179 1230 2256 ἔξωθεν
1246 2177 1403 2262 ἔσωθεν)

203 2285 347 2366 τηνῶθεν
377 2280 504 2369 τηνῶθὲ
535 2282 679 2370 (Ahrens
708 2285 806 2352 Diali.
830 2285 867 2352 Π
889 2283 1002 2371 375)⁵)
1034 2288 1195 2349 τουτῶθιν
1222 2280 1401 2367 (Theoclit

201 2383 249 2451 IV
282 2386 340 2472 48)
348 2385 374 2473 6)
414 2386 559 2455 ἄλλοθεν
592 2387 624 2474 (t
655 2391 791 2456 Tbeoor.
822 2389 873 2456 IX
904 2387 939 2474 6)
978 2407 1062 2468 quae
1096 2391 1135 2453 ut
1171 2385 1270 2468 longe
1306 2386 1402 2452 aliam

201 2489 386 2571 explicandi
419 2492 506 2560 viam
540 2493 764 2578 ingrediamur
801 2494 942 2560 suadere
978 2492 1090 2574 liquet.
1143 2491 1227 2557 Nam
1262 2495 1402 2574 apparet

201 2595 287 2660 unde
324 2595 358 2660 in
392 2597 475 2662 haec
511 2616 596 2679 quae
630 2599 698 2664 dixi
731 2599 891 2668 adverbia
922 2598 1022 2680 longa
1055 2595 1179 2665 vocalis
1212 2595 1399 2678 irrepserit:

199 2697 294 2763 iuxta
330 2697 415 2764 enim
454 2705 630 2767 occurrunt
663 2702 800 2772 ablativi
838 2703 972 2789 πρόσσω
1011 2703 1072 2781 ἔξω
1110 2701 1162 2767 cui
1199 2702 1401 2784 respondent

198 2801 334 2870 locativi
356 2803 456 2891 tzod)
481 2807 550 2883 ἑξεῖ
568 2803 713 2891 (Abrens
735 2806 757 2872 l.
773 2807 795 2872 l.
812 2807 854 2873 Hv
871 2807 949 2894 365)
974 2806 1058 2893 τηνῶ
1079 2810 1182 2872 socrui
1204 2804 1240 2889 (l
1264 2806 1286 2871 l.
1312 2804 1398 2892 374),

199 2907 286 2972 unde
321 2907 508 2992 πρόσσοθεν
542 2910 654 2989 ἕξοθεν
683 2911 821 2999 abactae
855 2915 932 2978 cett.
966 2911 1008 2976 ab
1041 2908 1134 2975 initio
1171 2935 1187 2973 ο
1216 2912 1325 2996 μικρῷ
1354 2907 1397 2972 in·

198 3013 326 3077 structa
348 3011 480 3094 longam
495 3013 642 3082 vocalem
657 3021 809 3082 mutuata
823 3021 901 3083 sunt
921 3015 985 3098 vel,
1010 3018 1048 3080 ut
1068 3012 1254 3080 accuratius
1273 3011 1397 3093 loquar,

197 3113 347 3181 suffixum
370 3123 446 3182 -6εν
475 3136 540 3184 non
569 3122 639 3185 tam
668 3118 826 3202 stirpibus
856 3138 954 3200 quam
983 3117 1064 3199 ipsis
1094 3114 1261 3185 adverbiis
1291 3115 1327 3181 in
1358 3141 1396 3178 -ω

272 3357 291 3422 ¹)
309 3357 351 3413 of.
380 3362 539 3435 προπονεύς
570 3361 659 3427 (iuxta
688 3360 836 3435 πρύτανις)
867 3359 957 3414 Roohl
987 3357 1117 3414 Mittheil.
1148 3358 1224 3415 arch.
1252 3357 1344 3416 instit.
1371 3358 1395 3413 11

197 3445 286 3516 (1871)
304 3463 331 3515 p.
350 3453 409 3506 224.
446 3449 548 3504 06116ῐῖ
573 3466 614 3508 nr.
642 3455 699 3503 182.
735 3448 853 3519 Heayeh.
879 3463 900 3504 s.
926 3446 1095 3521 δορυφόρον·
1115 3474 1147 3483 -
1169 3448 1349 3514 Τηλεκλείδης
1368 3450 1396 3501 ἐν

195 3536 377 3609 Πρυτανεῡσι
390 3536 498 3605 (comm.
508 3537 521 3590 1
531 3543 582 3593 216
595 3536 675 3606 frgm.
689 3540 721 3589 29
732 3536 829 3602 Kock).
846 3535 979 3590 Μαιαὸεῡ
992 3534 1110 3603 Hippon.
1121 3532 1266 3603 (FickBB.
1278 3535 1394 3602 1112661

267 3625 286 3692 ¹)
305 3623 390 3682 Diali.
408 3625 422 3678 I
442 3631 501 3695 152,
519 3631 545 3683 2.

265 3714 287 3777 ³)
305 3715 472 3788 πρόσσοθεν
493 3722 521 3769 Ψ
537 3719 597 3772 536.

265 3802 286 3867 ⁴)
305 3802 407 3860 ἔξοθεν
425 3801 573 3858 Stesichor.
592 3799 673 3869 frgm.
693 3806 725 3853 81
735 3800 777 3857 ΒΑ

264 3888 286 3956 ⁶)
303 3891 427 3954 κήνοθεν
445 3889 541 3947 Aleae.
560 3888 642 3957 srgm.
661 3894 704 3945 86.

263 3978 284 4042 ⁶)
303 3976 440 4033 Theocrit.
458 3977 497 4031 IV
519 3982 550 4030 10
569 3978 699 4032 ιουτόθε.

265 4063 286 4130 ²)
304 4063 414 4118 Ahrens
432 4063 569 4131 Philolog.
583 4062 687 4116 XXXV
707 4067 748 4118 66.
774 4060 904 4129 Beitrage
922 4077 972 4114 zur
990 4060 1093 4128 griech.
1111 4078 1139 4117 n.
1156 4060 1205 4118 lat.
1219 4061 1393 4132 Etymologie

192 4155 225 4203 22
245 4150 314 4219 (ἕξοι
327 4150 436 4209 Gallim.
449 4149 529 4220 frgm.
542 4157 585 4210 44.
598 4156 658 4208 aab.
677 4151 881 4219 Hippocrates).
901 4179 934 4188 -
954 4150 1012 4209 ἕξοι
1026 4149 1128 4203 Cauer²
1141 4164 1182 4206 nr.
1198 4148 1278 4202 121Β
1291 4155 1325 4203 26
1336 4167 1394 4220 sqq.

262 4238 378 4314 πρόσσω
415 4240 466 4297 ἔξω
502 4240 559 4298 ἕξοι
594 4239 652 4298 ἔξει·
684 4244 750 4293 εἴσω
785 4238 955 4293 descendunt
989 4253 1007 4292 a
1043 4237 1219 4292 nominativis
1255 4238 1393 4311 *npoooor

191 4330 235 4394 (=
254 4327 408 4402 ’προ-τμη
436 4325 471 4385 ci.
499 4329 657 4403 περι-σσός)
684 4326 758 4386 1Ὺξος
777 4329 820 4393 (=
839 4326 985 4397 ’ἔνο-προς)
1011 4326 1100 4384 ‘riuos
1124 4328 1168 4391 (ι-
1193 4326 1335 4396 *iv-rja„
1359 4325 1393 4380 cf.

190 4413 295 4484 BenIey
313 4413 382 4471 WL.
401 4413 428 4467 11
453 4419 495 4470 46.
523 4413 646 4482 Kissling
670 4412 728 4475 ΚΖ.
752 4413 832 4468 XVII
860 4418 920 4471 216.
948 4412 1154 4480 Bezzenberger
1178 4411 1232 4466 ΒΒ.
1259 4412 1300 4466 IX
1326 4419 1391 4480 3843

189 4516 335 4570 perperam
354 4503 514 4570 Brugmonn
532 4503 594 4559 Ber.
613 4502 702 4556 sacha.
722 4502 782 4555 Ges.
803 4501 884 4556 Wiss.
906 4506 972 4555 1686
989 4517 1017 4569 p.
1040 4506 1097 4556 196.
