2940 5026
657 89 795 188 Liber
829 91 1020 212 primns.

328 319 451 384 Poetae
475 318 645 400 elegantes
669 319 900 386 vocabulorum
932 339 1022 386 nsum
1055 339 1139 402 quae
1163 320 1313 387 versibus
1336 319 1437 385 resul-

242 427 315 488 tent
344 421 438 487 anxie
469 422 577 488 solent
600 423 743 505 evitare3
775 423 867 490 cuius
897 442 996 489 curae
1027 424 1173 491 nonnulli
1204 443 1241 489 eo
1265 428 1343 489 sunt
1364 441 1437 504 pro-

216 525 365 607 gressi,
396 532 430 591 ut
460 527 514 593 vel
545 528 674 594 nomina
706 529 838 611 propria
866 547 949 608 quae
974 528 1043 594 sinc
1067 529 1162 595 metri
1185 534 1244 595 551
1266 528 1438 610 prosodiae

244 632 406 715 legitimae
447 634 566 700 damno
607 634 641 699 in
683 651 814 702 versum
847 635 968 702 includi
1002 655 1067 702 non
1104 642 1240 718 possent
1283 632 1438 698 adhibere

241 741 443 803 vererentur.
490 733 589 801 onius
612 736 660 800 rei
683 736 911 821 documenta¹)
943 740 1082 807 maxime
1112 737 1334 807 memorabilia
1362 743 1439 802 sunt

239 839 362 907 Critiae
397 840 598 922 epigramma
632 841 664 906 in
696 842 897 910 Alcibiadem
930 846 1086 927 scriptum
1116 845 1211 928 irgm.
1239 848 1269 909 3.
1313 840 1439 922 Bergk⁴

395 972 417 1010 ‘a
468 969 522 1014 Καὶ
544 963 597 1015 νῦν
615 965 749 1017 Κλεινίου
771 966 833 1017 υἱὸν
853 968 1002 1032 Ἀθηναῖοι(
1023 971 1195 1038 στεφανῶσιν

468 1049 645 1117 Ἀλκιβιάδην
664 1056 774 1104 νέοισιν
792 1053 920 1121 ὑμνήσας
939 1056 1064 1127 τρόποις.

469 1139 504 1188 od
521 1137 578 1205 γάρ
598 1157 658 1196 πως
678 1136 847 1208 15151555
867 1143 1038 1213 ἐφαρμόζῖιν
1058 1143 1179 1211 ἐλεγείῳ·

468 1224 521 1275 νῦν
541 1226 571 1276 ἐν
589 1231 709 1294 ἰαμβείῳ
729 1231 850 1279 κείσεται
872 1228 924 1278 calx
943 1229 1074 1295 (ἰμίτρως

242 1337 274 1392 51
306 1344 420 1393 versus
451 1345 531 1407 quos
563 1326 673 1408 Bergk
709 1328 859 1410 apposnit
894 1331 957 1394 huc
990 1329 1149 1394 facientes
1186 1331 1302 1413 Kaibel
1336 1333 1438 1415 epigr.

241 1451 289 1496 nr.
314 1433 388 1510 616,
414 1434 504 1511 551.

469 1556 515 1602 καὶ
537 1552 567 1616 δὴ
589 1553 731 1619 καλεύμην
752 1552 909 1620 Ταξιάρχης
929 1554 960 1604 ἐν
977 1559 1098 1625 βροτοῖς·

284 1683 285 1690 .
467 1636 577 1710 (51γά5
598 1634 989 1711 ἐνὲξαμέτροισινῆρμοσεν
1009 1641 1124 1710 τοῦνομ’
1145 1644 1223 1710 ἐμόν.
1254 1716 1259 1726 Ι
1340 1637 1344 1646 ’

330 1742 425 1808 Adde
441 1741 620 1823 Hephaest.
638 1743 688 1808 ed.
702 1741 805 1809 Gaisi.
822 1762 852 1824 p.
867 1748 901 1825 93
919 1744 1036 1811 Kaibel
1052 1764 1100 1811 nr.
1117 1750 1191 1812 511.
1209 1750 1286 1829 685;
1304 1767 1352 1814 nr.
1367 1750 1440 1829 211,

242 1846 395 1913 8155511.
428 1844 649 1925 1515514,
682 1845 799 1911 Kaibel
830 1865 878 1912 nr.
907 1850 965 1912 iai
991 1848 1079 1934 all.²)
1125 1849 1186 1915 His
1216 1851 1295 1917 locis
1326 1857 1441 1933 poetas

241 1947 376 2015 inhabili
399 1947 564 2013 nominum
588 1965 741 2014 mensura
764 1954 894 2014 coactos
926 1950 968 2014 ad
999 1956 1136 2017 metrum
1165 1952 1321 2021 sollemne
1356 1955 1441 2021 vari-

242 2051 364 2119 andum
387 2050 572 2134 confugisse
596 2050 705 2134 videa,
737 2070 810 2117 cum
841 2052 923 2118 alias
954 2071 1070 2120 nomen
1102 2053 1230 2123 difficile
1260 2057 1308 2123 115
1338 2064 1442 2125 metro

242 2156 399 2238 optarint,
423 2159 461 2220 51
483 2153 569 2220 inter
592 2155 673 2222 dnos
698 2173 812 2222 versus
837 2155 1031 2223 dividerent.
1040 2157 1067 2241 ³)
1101 2156 1284 2225 Simonides
1306 2159 1346 2225 ir.
1371 2163 1441 2226 131.

469 2272 506 2327 'ii
522 2274 587 2343 μέγ’
605 2277 781 2340 Ἀθηναίοισι
800 2278 879 2345 φόως
898 2277 994 2344 γένεθ’
1012 2276 1084 2341 ἡνίκ’
1104 2280 1230 2347 Ἀριστο-

470 2367 572 2430 γείιων
585 2357 741 2434 Ἵππαρχον
761 2374 852 2418 κτεῖνε
872 2363 1097 2433 acernaacerna.

331 2463 378 2568 Cf.
411 2463 528 2530 Kaibel
559 2467 656 2531 8055.
689 2468 738 2539 516
772 2468 988 2554 Νικο-μήδης.
1036 2467 1131 2552 Quod
1161 2468 1300 2536 Romani
1333 2477 1444 2538 tamen

244 2574 362 2650 poetae
386 2586 451 2634 non
474 2569 676 2635 admiserant
698 2574 785 2635 teste
807 2571 846 2636 L.
870 2571 1028 2639 Muellero
1053 2572 1083 2638 1.
1108 2592 1134 2639 r.
1158 2592 1199 2639 m.
1226 2576 1297 2640 181.

376 2734 379 2739 .
453 2685 524 2741 Nam
543 2687 629 2754 pudet
647 2689 676 2741 in
695 2689 818 2756 geminos
836 2691 876 2743 ita
896 2706 996 2745 noman
1014 2690 1138 2746 scindere
1157 2707 1252 2747 versus

452 2774 562 2830 desinat
581 2786 610 2829 ut
629 2776 705 2842 prior
723 2775 775 2830 hoc
793 2777 961 2846 incipiatque
979 2778 1077 2836 minor.

903 2864 992 2932 (cvii.
1010 2881 1045 2921 ex
1064 2867 1154 2924 Ponto
1172 2866 1211 2920 IV
1232 2872 1272 2935 11,
1292 2871 1306 2920 1
1326 2868 1375 2935 aq.)

319 3047 340 3105 ¹)
359 3041 402 3098 Cf.
430 3055 502 3109 qaae
526 3036 647 3094 efferunt
670 3038 697 3096 S.
716 3040 748 3094 E.
767 3040 796 3093 in
824 3040 920 3095 Museo
946 3039 1081 3096 Rhenano
1107 3045 1173 3094 1818
1204 3058 1229 3109 p.
1256 3047 1316 3100 181.
1353 3043 1448 3099 Christ

244 3128 361 3184 Martii·
376 3133 418 3184 18.
436 3127 560 3196 Wagner
569 3125 752 3194 Quaestionea
765 3126 798 3181 de
809 3129 894 3195 epigr.
906 3141 940 3181 ox
949 3126 1054 3194 lapidd.
1063 3127 1187 3183 collectis
1195 3129 1394 3197 grammaticae
1403 3135 1446 3186 88.

317 3222 338 3281 ²)
354 3214 437 3271 Allen
457 3215 542 3284 greak
562 3214 747 3269 versification
766 3214 794 3268 in
813 3215 995 3281 inscriptions.
1026 3216 1131 3283 Papero
1150 3215 1246 3271 citha
1265 3221 1326 3274 Am.
1347 3216 1447 3272 School

244 3303 276 3359 ol
293 3302 373 3359 class.
392 3303 466 3361 stud.
484 3313 515 3358 at
533 3302 641 3357 Athens
659 3301 697 3356 1v
717 3309 759 3359 41.

319 3392 339 3457 ⁸)
357 3389 400 3448 cf.
429 3389 575 3458 Waoiphal
602 3391 719 3445 Mamili·
749 3396 806 3445 111.
838 3390 960 3458 Wagner
987 3391 1005 3447 l.
1033 3391 1050 3447 l.
1079 3397 1121 3448 51.
1147 3419 1176 3429 -
1201 3390 1448 3447 circumlocutione

243 3476 334 3532 utitur
346 3476 530 3546 Apollodorus
544 3477 644 3533 Kainai
657 3493 697 3535 nr.
712 3483 771 3544 824,
785 3484 812 3532 6:
834 3478 926 3551 δῶρον
946 3479 1118 3537 Ἀπόλλωνος
1130 3484 1214 3531 θεῖον
1233 3481 1305 3547 ἔχων
1325 3480 1448 3542 ἐπίκλην.

299 3571 437 3626 cenulae,
452 3575 604 3626 Quendam·
618 3575 701 3623 551555.
1244 3568 1258 3628 1
