2956 5018
685 179 920 242 „400-

204 368 396 450 disyllabum
434 365 569 447 efficiat3
614 366 773 431 accedunt
814 384 856 430 ex
893 365 1036 432 Hesiodo
1079 375 1147 433 tres
1191 388 1311 435 versus
1348 370 1399 450 qui

203 469 340 536 eandem
378 487 560 536 mensuram
595 469 757 535 exhibent.
814 470 918 553 βορέω
953 469 1009 555 (ex
1043 472 1164 556 βορέεω
1201 472 1400 554 hypbaeresi

203 574 330 659 natum)
361 579 576 655 anapaestum
607 573 718 654 explet
747 573 778 643 Ξ
809 573 882 638 395.
918 575 950 636 Ψ
975 575 1049 639 692.
1082 581 1098 651 ξ
1128 576 1202 640 533.
1236 574 1316 639 Η55.
1341 575 1399 657 Op.

203 681 277 744 518.
301 680 374 743 553.
400 678 565 759 'l'heogon
583 679 656 742 870.
666 676 692 761 1)
730 676 769 741 In
785 677 912 761 Βορέην
929 675 1018 741 cadit
1041 681 1249 756 pentameter
1265 677 1401 760 Tyrtaci

206 783 255 862 12,
279 783 309 844 4.
317 781 344 866 2)
390 779 435 844 Et
458 779 645 845 Herodotus
668 778 783 844 abnuit
807 806 824 863 ρ
847 779 1061 861 geminatum,
1091 782 1173 845 34er
1193 780 1262 863 legi
1286 785 1401 867 βορὲῆς

106 928 111 933 -
204 885 278 970 -e'qv
299 884 353 949 vel
376 889 475 970 βορῆς
500 890 557 970 -ῆο
580 882 666 963 quod
689 881 866 948 editoribus
889 881 1111 962 recipiendum
1132 879 1203 963 fuit,
1227 882 1280 948 bis
1296 888 1400 974 βορὲῆ,

207 988 318 1052 ibiens
340 987 454 1072 βορέω,
479 985 571 1053 iiens
592 986 780 1072 βορῆιοςιθ)
811 1004 874 1051 555
897 983 968 1049 loco
1002 983 1163 1064 praebent
1186 983 1246 1048 AB
1269 991 1400 1071 βορρῆς,

204 1091 305 1156 ceteri
328 1090 414 1172 quod
437 1090 539 1155 solum
563 1109 675 1157 verum
699 1095 750 1154 est
772 1094 873 1174 βορῆς
895 1087 944 1152 Vl
966 1087 1053 1172 44⁴)
1120 1113 1122 1115 ·

32 1264 187 1281 Ὢ
290 1194 390 1259 Vides
421 1213 517 1275 quam
539 1212 604 1259 non
634 1199 724 1258 recte
755 1191 921 1258 suaserint
943 1190 1093 1256 Rasoh'l
1126 1189 1275 1257 Schmidt
1306 1193 1400 1258 hietr.

207 1301 269 1364 160
291 1297 428 1364 Menrad
443 1301 496 1378 45,
520 1297 705 1378 receperint
726 1296 842 1361 Nauck
865 1301 898 1360 et
915 1294 1024 1360 Christ
1049 1301 1068 1359 Ι
1079 1298 1099 1360 5
1122 1300 1245 1380 βορρῆς
1269 1295 1328 1379 (in.
1346 1298 1400 1381 ν),

209 1406 241 1467 Ψ
261 1405 322 1468 195
353 1406 456 1489 βορρῆ
483 1400 540 1485 (in.
564 1402 611 1485 v.)
642 1420 700 1481 pro
724 1418 761 1463 eo
793 1399 879 1479 quod
903 1388 937 1463 et
966 1397 1118 1463 unanimo
1140 1397 1298 1464 librorum
1329 1409 1400 1465 con·

204 1522 303 1570 sensu
336 1503 493 1569 munitum
527 1503 611 1586 est-⁵)
642 1509 677 1567 et
706 1502 860 1570 universa
895 1500 1026 1566 dialecti
1056 1501 1183 1566 ratione
1215 1503 1403 1582 postulatur

204 1614 320 1692 βορέῆς
357 1609 454 1696 βορέῃ
488 1634 503 1671 ε
536 1612 571 1671 et
607 1635 626 1690 η
660 1605 800 1687 syninesi
835 1605 868 1669 in
904 1623 1000 1669 unam
1038 1604 1198 1686 syllabam
1233 1607 1401 1672 coartatis.

205 1708 328 1775 Versus
358 1708 532 1791 acephalos
562 1709 631 1774 iure
662 1714 846 1790 agnoscunt
875 1715 1008 1773 auctore
1039 1708 1199 1772 Ahrensio
1226 1709 1402 1790 Westphal

205 1812 344 1877 Metrik²
366 1815 408 1878 95
432 1812 496 1877 alii.
536 1812 711 1878 Imitantur
733 1811 909 1877 Homerum
930 1810 1104 1892 Sophocles
1127 1811 1166 1876 ir.
1182 1814 1252 1895 4‚3
1276 1813 1402 1896 Bergk*

205 1915 336 1980 licentia
366 1921 476 1981 tamen
506 1915 554 1981 ita
584 1915 710 1980 evitata
739 1919 777 1978 ut
806 1914 940 1978 atticum
964 1920 1095 1999 Βορρᾶς
1125 1915 1343 1983 substitueret
1369 1926 1402 1982 et

204 2018 442 2085 Eratosthenes
465 2019 584 2084 Athen.
602 2018 636 2081 Π
659 2020 700 2084 36
710 2017 748 2099 F,
772 2017 800 2081 is
823 2018 952 2096 quidem
975 2019 1004 2083 si
1026 2018 1195 2084 traditioni
1217 2019 1301 2086 fides
1324 2028 1399 2105 βορ-

206 2126 263 2206 ρῆς
287 2120 442 2185 scribens.

292 2223 415 2287 Versus
442 2221 598 2287 Hesiodei
621 2221 681 2302 Op.
706 2224 770 2286 596
799 2222 925 2288 initium
954 2224 1027 2307 τρῖς
1058 2225 1189 2303 ὕδατος,
1221 2228 1309 2307 quod
1340 2229 1401 2295 uiri

204 2326 291 2392 docti
313 2325 399 2391 haud
424 2344 499 2390 raro
522 2324 720 2390 infestarunt
743 2338 829 2408 τρεῖς
852 2335 1071 2408 proponentes
1095 2329 1148 2394 vel
1173 2331 1243 2413 τρῖς
1267 2330 1298 2394 δ’
1321 2331 1400 2396 reci·

204 2428 332 2509 pientes
362 2446 403 2492 ex
434 2426 525 2492 codd.
550 2431 645 2507 parte
673 2426 795 2512 (Rzaoh
824 2430 903 2494 Hes.
928 2429 1059 2496 Unters.
1084 2432 1157 2513 24),
1189 2439 1400 2499 avetustatc

204 2530 421 2596 commendari
444 2530 563 2595 docent
577 2548 660 2609 quae
684 2533 725 2596 ab
748 2533 861 2598 eodem
884 2533 1025 2599 Rzachio
1049 2535 1139 2601 Neue
1156 2536 1315 2620 Beitrtge
1339 2544 1400 2602 etc.

204 2637 268 2700 422
292 2634 378 2719 (coll.
401 2634 481 2717 430)
505 2633 642 2698 collecta
665 2639 750 2699 sunt.

291 2737 467 2818 Acephahs
480 2740 558 2801 sunt
569 2736 667 2801 etiam
679 2740 708 2802 Θ
719 2740 793 2803 439.
809 2741 879 2818 ζ42
892 2739 1007 2824 (supra
1019 2760 1050 2822 p.
1060 2741 1139 2826 272)
1152 2743 1400 2809 adnumerandi.

290 2841 351 2905 His
367 2859 452 2920 quae
471 2840 621 2922 congessi
636 2841 793 2921 exemplis
809 2842 885 2908 addi
901 2849 1038 2923 possunt
1053 2844 1127 2927 alia,
1154 2864 1239 2934 quae
1256 2852 1366 2913 tamen
1383 2867 1402 2913 5

204 2943 321 3009 ceteris
345 2961 521 3026 segregare
544 2944 730 3023 placuitne
753 2945 847 3010 nimis
862 2945 996 3011 incertis
1020 2948 1160 3014 certiora
1178 2951 1400 3017 turbarentur.

291 3046 430 3111 Formas
448 3046 610 3131 στρωφάω
627 3047 764 3131 τρωχάω
788 3049 925 3132 τρωπάω
942 3051 1114 3132 amariorem
1128 3052 1243 3118 Nauck
1258 3053 1401 3120 Homero

204 3169 268 3216 non
302 3150 372 3215 sine
406 3149 645 3230 probabilitatis
679 3151 788 3232 specie
822 3151 1023 3219 abiudicavit
1055 3154 1131 3219 Mol.
1165 3174 1322 3237 gr.·rom.
1355 3158 1401 3222 IV

203 3251 542 3337 oeconomicum
568 3253 629 3317 227
663 3253 706 3317 ad
739 3260 780 3319 M
803 3250 890 3340 287).
936 3256 1041 3323 Facili
1073 3277 1173 3340 opera
1197 3278 1310 3327 omnes
1341 3262 1402 3328 loci

202 3358 277 3424 huic
299 3357 483 3423 sententiae
507 3360 673 3438 aptantur,
696 3364 884 3440 repugnant
906 3359 967 3424 soli
990 3366 1025 3425 Ν
1045 3362 1119 3427 557.
1145 3362 1223 3428 Η55.
1247 3363 1310 3446 Op.
1327 3367 1400 3433 528.

203 3462 234 3527 h.
257 3462 289 3526 h.
313 3461 384 3526 Cer.
408 3462 450 3526 48
483 3461 539 3540 qui
566 3459 766 3540 incipiunte
799 3463 965 3548 στρωφᾶτ’
989 3491 1042 3529 -αι
1066 3492 1110 3530 -o.
1156 3465 1268 3532 Possis
1296 3469 1400 3551 suspi-

203 3566 329 3632 caniet
354 3564 404 3629 his
435 3564 583 3630 versibus
615 3564 816 3630 reddendam
848 3567 994 3635 vocalem
1024 3568 1166 3634 brevem.
1214 3578 1399 3658 οοροφᾶοοο

203 3669 303 3734 habet
324 3667 460 3734 Hesiodi
483 3668 585 3733 codex
608 3669 643 3732 M
665 3668 717 3733 oui
738 3669 787 3734 rei
809 3689 869 3752 ego
892 3676 1002 3736 tamen
1025 3670 1105 3735 nihil
1129 3670 1310 3739 tribuerim.

276 3808 294 3871 ¹)
312 3805 430 3860 Menrad
452 3809 494 3859 35.

273 3893 294 3959 ¹)
312 3890 353 3946 Ne
380 3892 492 3965 στερεός
523 3889 633 3958 quidam
664 3889 699 3944 ab
727 3891 846 3946 Homero
874 3893 1060 3962 contrahitur3
1091 3903 1260 3969 στερεωτέρη
1291 3910 1314 3964 ψ
1345 3902 1400 3963 loo,

202 3984 311 4032 ceterae
329 3977 435 4032 formae
454 3977 583 4046 leguntur
603 3977 694 4031 llieus
712 3976 825 4044 (Sebero
844 3979 933 4036 addas
951 4000 971 4035 s.
991 3999 1014 4037 v.
1033 3984 1152 4056 στερεοῖς
1170 3983 1198 4039 h.
1215 3982 1242 4039 h.
1257 3985 1318 4042 cer.
1332 3988 1400 4052 381).

274 4064 293 4129 ⁸)
312 4065 426 4134 βορῆιος
446 4063 549 4119 Pboou.
569 4062 718 4131 Colophon.
738 4069 762 4131 3,
782 4071 805 4121 6.

274 4150 295 4216 ⁴)
313 4152 427 4219 στερεός
446 4149 458 4203 Ι
478 4155 519 4204 52.
541 4155 597 4203 181.
620 4153 676 4203 iao.

274 4237 294 4298 ⁶)
314 4234 385 4302 Quid
402 4235 508 4307 βορρᾶς
527 4250 561 4288 cx
579 4235 660 4289 Rhet.
680 4235 747 4290 Vlll
767 4242 829 4304 tto,
852 4244 883 4291 lo
902 4247 931 4293 et
948 4246 1066 4314 βορρέςς
1085 4255 1119 4295 ex
1137 4241 1291 4311 Porphyrio
1311 4242 1399 4297 allata

202 4317 327 4387 valeant,
352 4319 473 4373 ostendit
491 4321 535 4374 hic
554 4342 571 4373 o
590 4322 718 4388 atticum,
742 4323 799 4376 illic
825 4342 854 4389 ες
879 4323 951 4391 quod
977 4340 1037 4378 curn
1057 4326 1242 4393 geminatione
1262 4344 1400 4385 consonae

203 4414 315 4472 pugnat.
