<?xml version="1.0" encoding="UTF-8"?>
<!DOCTYPE html PUBLIC "-//W3C//DTD XHTML 1.0 Transitional//EN"
    "http://www.w3.org/TR/xhtml1/DTD/xhtml1-transitional.dtd">
<html xmlns="http://www.w3.org/1999/xhtml" xml:lang="en" lang="en">
 <head>
  <title>
</title>
<meta http-equiv="Content-Type" content="text/html;charset=utf-8" />
  <meta name='ocr-system' content='tesseract 3.04.00' />
  <meta name='ocr-capabilities' content='ocr_page ocr_carea ocr_par ocr_line ocrx_word'/>
</head>
<body>
  <div class='ocr_page' id='page_1' title='image "./quaestionesepca00schugoog_0467.png"; bbox 0 0 2956 5018; ppageno 0'>
   <div class='ocr_carea' id='block_1_1' title="bbox 689 211 922 275">
    <p class='ocr_par' dir='ltr' id='par_1_1' title="bbox 689 211 922 275">
     <span class='ocr_line' id='line_1_1' title="bbox 689 211 922 275; baseline 0.004 -1"><span class='ocrx_word' id='word_1_1' title='bbox 689 211 837 275; x_wconf 78' lang='lat'>-454</span> <span class='ocrx_word' id='word_1_2' title='bbox 884 248 922 256; x_wconf 91' lang='lat'>—</span> 
     </span>
    </p>
   </div>
   <div class='ocr_carea' id='block_1_2' title="bbox 212 398 1398 1328">
    <p class='ocr_par' dir='ltr' id='par_1_2' title="bbox 212 398 1398 1328">
     <span class='ocr_line' id='line_1_2' title="bbox 214 398 1396 486; baseline 0.003 -22"><span class='ocrx_word' id='word_1_3' title='bbox 214 398 341 484; x_wconf 53' lang='lat' dir='ltr'>riudam}</span> <span class='ocrx_word' id='word_1_4' title='bbox 372 401 534 483; x_wconf 73' lang='lat' dir='ltr'>(Meinekil</span> <span class='ocrx_word' id='word_1_5' title='bbox 562 404 622 466; x_wconf 76' lang='lat' dir='ltr'>Au.</span> <span class='ocrx_word' id='word_1_6' title='bbox 646 403 697 466; x_wconf 76' lang='lat' dir='ltr'>Al.</span> <span class='ocrx_word' id='word_1_7' title='bbox 727 402 855 485; x_wconf 51' lang='lat' dir='ltr'>idmst)</span> <span class='ocrx_word' id='word_1_8' title='bbox 879 400 984 464; x_wconf 75' lang='lat' dir='ltr'>Pl&#39;OGii</span> <span class='ocrx_word' id='word_1_9' title='bbox 1009 402 1116 483; x_wconf 73' lang='grc' dir='ltr'>δ’άμων</span> <span class='ocrx_word' id='word_1_10' title='bbox 1139 431 1171 456; x_wconf 91' lang='grc'>&lt;</span> <span class='ocrx_word' id='word_1_11' title='bbox 1197 400 1330 486; x_wconf 60' lang='grc' dir='ltr'>δἀἡμων</span> <span class='ocrx_word' id='word_1_12' title='bbox 1353 404 1396 484; x_wconf 83' lang='lat' dir='ltr'>(in</span> 
     </span>
     <span class='ocr_line' id='line_1_3' title="bbox 213 505 1396 589; baseline 0.003 -20"><span class='ocrx_word' id='word_1_13' title='bbox 213 505 334 587; x_wconf 83' lang='lat' dir='ltr'>Cratyl.</span> <span class='ocrx_word' id='word_1_14' title='bbox 351 525 381 585; x_wconf 88' lang='lat' dir='ltr'>p.</span> <span class='ocrx_word' id='word_1_15' title='bbox 399 508 439 569; x_wconf 69' lang='lat'>8?</span> <span class='ocrx_word' id='word_1_16' title='bbox 457 506 560 570; x_wconf 89' lang='lat' dir='ltr'>Boiss.</span> <span class='ocrx_word' id='word_1_17' title='bbox 586 505 671 588; x_wconf 72' lang='grc' dir='ltr'>ρλα)</span> <span class='ocrx_word' id='word_1_18' title='bbox 694 525 807 586; x_wconf 89' lang='lat' dir='ltr'>parum</span> <span class='ocrx_word' id='word_1_19' title='bbox 824 506 923 570; x_wconf 89' lang='lat' dir='ltr'>habet</span> <span class='ocrx_word' id='word_1_20' title='bbox 944 507 1027 572; x_wconf 89' lang='lat' dir='ltr'>fidei.</span> <span class='ocrx_word' id='word_1_21' title='bbox 1061 507 1186 571; x_wconf 83' lang='lat' dir='ltr'>Eadem</span> <span class='ocrx_word' id='word_1_22' title='bbox 1203 507 1396 589; x_wconf 82' lang='lat' dir='ltr'>ambiguitas</span> 
     </span>
     <span class='ocr_line' id='line_1_4' title="bbox 212 608 1395 696; baseline 0.002 -21"><span class='ocrx_word' id='word_1_23' title='bbox 212 611 300 675; x_wconf 90' lang='lat' dir='ltr'>cadit</span> <span class='ocrx_word' id='word_1_24' title='bbox 314 611 346 675; x_wconf 89' lang='lat' dir='ltr'>in</span> <span class='ocrx_word' id='word_1_25' title='bbox 362 611 523 676; x_wconf 87' lang='lat' dir='ltr'>homerica</span> <span class='ocrx_word' id='word_1_26' title='bbox 540 609 669 696; x_wconf 70' lang='grc' dir='ltr'><em>ἅδήσειε</em></span> <span class='ocrx_word' id='word_1_27' title='bbox 686 608 838 696; x_wconf 67' lang='grc' dir='ltr'><em>’ἀδηκότες</em></span> <span class='ocrx_word' id='word_1_28' title='bbox 863 613 1055 694; x_wconf 79' lang='lat' dir='ltr'>(Buttmann</span> <span class='ocrx_word' id='word_1_29' title='bbox 1077 612 1163 677; x_wconf 80' lang='lat' dir='ltr'>lexil.</span> <span class='ocrx_word' id='word_1_30' title='bbox 1187 613 1223 677; x_wconf 89' lang='grc' dir='ltr'>ΙΙ</span> <span class='ocrx_word' id='word_1_31' title='bbox 1246 616 1306 678; x_wconf 73' lang='grc'><strong>127</strong></span> <span class='ocrx_word' id='word_1_32' title='bbox 1330 633 1395 693; x_wconf 87' lang='lat' dir='ltr'>sqq.</span> 
     </span>
     <span class='ocr_line' id='line_1_5' title="bbox 212 716 1395 801; baseline 0.003 -21"><span class='ocrx_word' id='word_1_33' title='bbox 212 716 342 780; x_wconf 84' lang='lat' dir='ltr'>Harder</span> <span class='ocrx_word' id='word_1_34' title='bbox 371 716 411 779; x_wconf 91' lang='lat' dir='ltr'>de</span> <span class='ocrx_word' id='word_1_35' title='bbox 443 745 463 780; x_wconf 82' lang='lat' dir='ltr'>a</span> <span class='ocrx_word' id='word_1_36' title='bbox 494 735 562 782; x_wconf 90' lang='lat' dir='ltr'>voc.</span> <span class='ocrx_word' id='word_1_37' title='bbox 591 719 628 781; x_wconf 81' lang='lat' dir='ltr'>ii</span> <span class='ocrx_word' id='word_1_38' title='bbox 658 717 735 801; x_wconf 85' lang='lat' dir='ltr'>sq.);</span> <span class='ocrx_word' id='word_1_39' title='bbox 767 717 824 781; x_wconf 90' lang='lat' dir='ltr'>sed</span> <span class='ocrx_word' id='word_1_40' title='bbox 856 737 968 782; x_wconf 85' lang='lat' dir='ltr'>versus</span> <span class='ocrx_word' id='word_1_41' title='bbox 1000 719 1117 783; x_wconf 83' lang='lat' dir='ltr'>suadet</span> <span class='ocrx_word' id='word_1_42' title='bbox 1148 748 1166 782; x_wconf 82' lang='lat' dir='ltr'>a</span> <span class='ocrx_word' id='word_1_43' title='bbox 1201 721 1263 783; x_wconf 86' lang='grc'><strong>134</strong></span> <span class='ocrx_word' id='word_1_44' title='bbox 1295 726 1332 783; x_wconf 93' lang='lat' dir='ltr'>ut</span> <span class='ocrx_word' id='word_1_45' title='bbox 1359 758 1395 765; x_wconf 91' lang='lat'>-</span> 
     </span>
     <span class='ocr_line' id='line_1_6' title="bbox 212 823 1396 914; baseline 0.005 -30"><span class='ocrx_word' id='word_1_46' title='bbox 212 827 344 885; x_wconf 90' lang='lat' dir='ltr'>auctore</span> <span class='ocrx_word' id='word_1_47' title='bbox 360 823 629 905; x_wconf 84' lang='lat' dir='ltr'>Wackernagelio</span> <span class='ocrx_word' id='word_1_48' title='bbox 644 824 909 889; x_wconf 88' lang='lat' dir='ltr'>—rescribamus</span> <span class='ocrx_word' id='word_1_49' title='bbox 927 827 1039 914; x_wconf 70' lang='grc' dir='ltr'><em>δείπνῳ</em></span> <span class='ocrx_word' id='word_1_50' title='bbox 1056 824 1216 911; x_wconf 51' lang='lat' dir='ltr'>dardane,</span> <span class='ocrx_word' id='word_1_51' title='bbox 1234 827 1396 891; x_wconf 85' lang='lat' dir='ltr'>sententia</span> 
     </span>
     <span class='ocr_line' id='line_1_7' title="bbox 215 926 1397 1020; baseline 0.005 -33"><span class='ocrx_word' id='word_1_52' title='bbox 215 926 514 991; x_wconf 62' lang='grc'><strong>1311399411</strong></span> <span class='ocrx_word' id='word_1_53' title='bbox 542 966 581 973; x_wconf 92' lang='lat'>-</span> <span class='ocrx_word' id='word_1_54' title='bbox 607 932 705 992; x_wconf 71' lang='lat' dir='ltr'>utus.</span> <span class='ocrx_word' id='word_1_55' title='bbox 729 957 752 1009; x_wconf 80' lang='grc' dir='ltr'><strong><em>μ</em></strong></span> <span class='ocrx_word' id='word_1_56' title='bbox 769 930 840 991; x_wconf 74' lang='grc'><strong>291.</strong></span> <span class='ocrx_word' id='word_1_57' title='bbox 864 928 894 992; x_wconf 90' lang='lat' dir='ltr'>h.</span> <span class='ocrx_word' id='word_1_58' title='bbox 911 928 941 992; x_wconf 90' lang='lat' dir='ltr'>h.</span> <span class='ocrx_word' id='word_1_59' title='bbox 958 930 1019 1008; x_wconf 84' lang='lat' dir='ltr'>Ap.</span> <span class='ocrx_word' id='word_1_60' title='bbox 1035 930 1100 994; x_wconf 86' lang='grc'>460</span> <span class='ocrx_word' id='word_1_61' title='bbox 1120 936 1157 994; x_wconf 94' lang='lat' dir='ltr'>ut</span> <span class='ocrx_word' id='word_1_62' title='bbox 1173 949 1213 994; x_wconf 83' lang='lat' dir='ltr'>ex</span> <span class='ocrx_word' id='word_1_63' title='bbox 1239 935 1256 1009; x_wconf 82' lang='grc' dir='ltr'>ζ</span> <span class='ocrx_word' id='word_1_64' title='bbox 1272 934 1291 995; x_wconf 77' lang='grc'>2</span> <span class='ocrx_word' id='word_1_65' title='bbox 1316 932 1397 1020; x_wconf 69' lang='grc' dir='ltr'>ὕπνῳ</span> 
     </span>
     <span class='ocr_line' id='line_1_8' title="bbox 212 1028 1397 1122; baseline 0.003 -29"><span class='ocrx_word' id='word_1_66' title='bbox 212 1030 266 1093; x_wconf 68' lang='grc' dir='ltr'><strong><em>καί</em></strong></span> <span class='ocrx_word' id='word_1_67' title='bbox 286 1030 416 1119; x_wconf 74' lang='grc' dir='ltr'><em>καμάτῳ</em></span> <span class='ocrx_word' id='word_1_68' title='bbox 440 1028 597 1116; x_wconf 73' lang='grc' dir='ltr'><em>ἂρημὲνος</em></span> <span class='ocrx_word' id='word_1_69' title='bbox 613 1040 790 1113; x_wconf 79' lang='lat' dir='ltr'>reponatur</span> <span class='ocrx_word' id='word_1_70' title='bbox 813 1033 942 1121; x_wconf 73' lang='grc' dir='ltr'><em>καμάτῳ</em></span> <span class='ocrx_word' id='word_1_71' title='bbox 959 1032 1092 1119; x_wconf 58' lang='lat' dir='ltr'>ripariam</span> <span class='ocrx_word' id='word_1_72' title='bbox 1116 1033 1188 1119; x_wconf 73' lang='grc' dir='ltr'>(ἠδὲ</span> <span class='ocrx_word' id='word_1_73' title='bbox 1211 1037 1266 1099; x_wconf 74' lang='grc' dir='ltr'>καί</span> <span class='ocrx_word' id='word_1_74' title='bbox 1282 1034 1397 1122; x_wconf 44' lang='grc' dir='ltr'><strong>ὕπνῳ)</strong></span> 
     </span>
     <span class='ocr_line' id='line_1_9' title="bbox 212 1135 1397 1225; baseline 0.004 -26"><span class='ocrx_word' id='word_1_75' title='bbox 212 1135 252 1200; x_wconf 78' lang='lat' dir='ltr'>cf.</span> <span class='ocrx_word' id='word_1_76' title='bbox 277 1136 408 1221; x_wconf 71' lang='grc' dir='ltr'><em>τετιηώς</em></span> <span class='ocrx_word' id='word_1_77' title='bbox 431 1145 466 1202; x_wconf 91' lang='grc' dir='ltr'><em>Λ</em></span> <span class='ocrx_word' id='word_1_78' title='bbox 496 1139 559 1202; x_wconf 71' lang='grc'><strong>’5135</strong></span> <span class='ocrx_word' id='word_1_79' title='bbox 581 1168 603 1191; x_wconf 95' lang='lat'>=</span> <span class='ocrx_word' id='word_1_80' title='bbox 627 1141 807 1223; x_wconf 78' lang='grc' dir='ltr'><em>τετιημένος</em></span> <span class='ocrx_word' id='word_1_81' title='bbox 830 1141 910 1219; x_wconf 76' lang='lat'>556,</span> <span class='ocrx_word' id='word_1_82' title='bbox 934 1139 1101 1225; x_wconf 72' lang='grc' dir='ltr'>βεβαρηώς</span> <span class='ocrx_word' id='word_1_83' title='bbox 1122 1170 1144 1193; x_wconf 95' lang='lat'><strong><em>=</em></strong></span> <span class='ocrx_word' id='word_1_84' title='bbox 1166 1143 1397 1225; x_wconf 72' lang='grc' dir='ltr'>βεβαρημένος,</span> 
     </span>
     <span class='ocr_line' id='line_1_10' title="bbox 212 1241 1398 1328; baseline 0.006 -24"><span class='ocrx_word' id='word_1_85' title='bbox 212 1241 368 1325; x_wconf 77' lang='grc' dir='ltr'><em>κεκορηώς</em></span> <span class='ocrx_word' id='word_1_86' title='bbox 389 1273 411 1296; x_wconf 91' lang='lat'><strong><em>=</em></strong></span> <span class='ocrx_word' id='word_1_87' title='bbox 433 1244 649 1328; x_wconf 73' lang='grc' dir='ltr'><strong><em>κεκορημένος,</em></strong></span> <span class='ocrx_word' id='word_1_88' title='bbox 675 1244 827 1327; x_wconf 80' lang='grc' dir='ltr'>τετευχώς</span> <span class='ocrx_word' id='word_1_89' title='bbox 849 1274 870 1297; x_wconf 96' lang='lat'>=</span> <span class='ocrx_word' id='word_1_90' title='bbox 893 1246 1088 1328; x_wconf 71' lang='grc' dir='ltr'><strong>τετυγμένος.</strong></span> <span class='ocrx_word' id='word_1_91' title='bbox 1132 1246 1183 1310; x_wconf 81' lang='lat' dir='ltr'>Ad</span> <span class='ocrx_word' id='word_1_92' title='bbox 1207 1247 1398 1311; x_wconf 77' lang='lat' dir='ltr'>adverbium</span> 
     </span>
    </p>
   </div>
   <div class='ocr_carea' id='block_1_3' title="bbox 110 1342 1398 1430">
    <p class='ocr_par' dir='ltr' id='par_1_3' title="bbox 110 1342 1398 1430">
     <span class='ocr_line' id='line_1_11' title="bbox 110 1342 1398 1430; baseline 0.006 -22"><span class='ocrx_word' id='word_1_93' title='bbox 110 1355 112 1358; x_wconf 80' lang='grc'>’</span> <span class='ocrx_word' id='word_1_94' title='bbox 212 1342 292 1430; x_wconf 69' lang='grc' dir='ltr'>ἅδην</span> <span class='ocrx_word' id='word_1_95' title='bbox 329 1346 554 1427; x_wconf 86' lang='lat' dir='ltr'>explicandum</span> <span class='ocrx_word' id='word_1_96' title='bbox 591 1348 704 1413; x_wconf 89' lang='lat' dir='ltr'>horum</span> <span class='ocrx_word' id='word_1_97' title='bbox 746 1353 834 1413; x_wconf 89' lang='lat' dir='ltr'>certe</span> <span class='ocrx_word' id='word_1_98' title='bbox 872 1369 954 1429; x_wconf 81' lang='lat' dir='ltr'>quiae</span> <span class='ocrx_word' id='word_1_99' title='bbox 993 1349 1103 1415; x_wconf 83' lang='lat' dir='ltr'>rdtimo</span> <span class='ocrx_word' id='word_1_100' title='bbox 1144 1350 1214 1414; x_wconf 93' lang='lat' dir='ltr'>loco</span> <span class='ocrx_word' id='word_1_101' title='bbox 1256 1350 1398 1416; x_wconf 81' lang='lat' dir='ltr'>tractavi</span> 
     </span>
    </p>
   </div>
   <div class='ocr_carea' id='block_1_4' title="bbox 210 1450 1400 4426">
    <p class='ocr_par' dir='ltr' id='par_1_4' title="bbox 212 1450 757 1536">
     <span class='ocr_line' id='line_1_12' title="bbox 212 1450 757 1536; baseline 0.004 -21"><span class='ocrx_word' id='word_1_102' title='bbox 212 1450 341 1536; x_wconf 68' lang='lat' dir='ltr'>(idriam</span> <span class='ocrx_word' id='word_1_103' title='bbox 366 1451 517 1536; x_wconf 72' lang='grc' dir='ltr'>ἀδηκότες</span> <span class='ocrx_word' id='word_1_104' title='bbox 540 1455 647 1519; x_wconf 78' lang='lat' dir='ltr'>nuilus</span> <span class='ocrx_word' id='word_1_105' title='bbox 670 1473 757 1518; x_wconf 82' lang='lat' dir='ltr'>llSllS.</span> 
     </span>
    </p>

    <p class='ocr_par' dir='ltr' id='par_1_5' title="bbox 212 1555 1398 1852">
     <span class='ocr_line' id='line_1_13' title="bbox 297 1555 1398 1640; baseline 0.005 -21"><span class='ocrx_word' id='word_1_106' title='bbox 297 1555 360 1619; x_wconf 83' lang='lat' dir='ltr'>Sed</span> <span class='ocrx_word' id='word_1_107' title='bbox 390 1556 439 1621; x_wconf 89' lang='lat' dir='ltr'>his</span> <span class='ocrx_word' id='word_1_108' title='bbox 470 1556 574 1621; x_wconf 90' lang='lat' dir='ltr'>missis</span> <span class='ocrx_word' id='word_1_109' title='bbox 598 1558 748 1640; x_wconf 84' lang='lat' dir='ltr'>accingar</span> <span class='ocrx_word' id='word_1_110' title='bbox 777 1559 818 1622; x_wconf 87' lang='lat' dir='ltr'>ad</span> <span class='ocrx_word' id='word_1_111' title='bbox 849 1558 930 1623; x_wconf 83' lang='lat' dir='ltr'>duras</span> <span class='ocrx_word' id='word_1_112' title='bbox 961 1557 1167 1637; x_wconf 88' lang='lat' dir='ltr'>quaestiones</span> <span class='ocrx_word' id='word_1_113' title='bbox 1196 1558 1398 1624; x_wconf 88' lang='lat' dir='ltr'>difficillimas</span> 
     </span>
     <span class='ocr_line' id='line_1_14' title="bbox 212 1662 1397 1743; baseline 0.004 -21"><span class='ocrx_word' id='word_1_114' title='bbox 212 1678 295 1739; x_wconf 86' lang='lat' dir='ltr'>quae</span> <span class='ocrx_word' id='word_1_115' title='bbox 318 1665 445 1725; x_wconf 82' lang='lat' dir='ltr'>restant</span> <span class='ocrx_word' id='word_1_116' title='bbox 467 1680 637 1743; x_wconf 82' lang='lat' dir='ltr'>supremae</span> <span class='ocrx_word' id='word_1_117' title='bbox 659 1662 753 1727; x_wconf 90' lang='lat' dir='ltr'>huius</span> <span class='ocrx_word' id='word_1_118' title='bbox 775 1663 890 1743; x_wconf 86' lang='lat' dir='ltr'>capitis</span> <span class='ocrx_word' id='word_1_119' title='bbox 914 1683 1008 1742; x_wconf 89' lang='lat' dir='ltr'>quam</span> <span class='ocrx_word' id='word_1_120' title='bbox 1032 1668 1144 1743; x_wconf 90' lang='lat' dir='ltr'>potero</span> <span class='ocrx_word' id='word_1_121' title='bbox 1169 1663 1397 1743; x_wconf 73' lang='lat' dir='ltr'>absolvendas</span> 
     </span>
     <span class='ocr_line' id='line_1_15' title="bbox 212 1766 1316 1852; baseline 0.004 -25"><span class='ocrx_word' id='word_1_122' title='bbox 212 1770 288 1828; x_wconf 91' lang='lat' dir='ltr'>sunt</span> <span class='ocrx_word' id='word_1_123' title='bbox 310 1768 420 1829; x_wconf 90' lang='lat' dir='ltr'>autem</span> <span class='ocrx_word' id='word_1_124' title='bbox 443 1766 482 1830; x_wconf 91' lang='lat' dir='ltr'>de</span> <span class='ocrx_word' id='word_1_125' title='bbox 506 1767 734 1832; x_wconf 87' lang='lat' dir='ltr'>vocabulorum</span> <span class='ocrx_word' id='word_1_126' title='bbox 752 1767 855 1852; x_wconf 66' lang='grc' dir='ltr'>Ἄρης</span> <span class='ocrx_word' id='word_1_127' title='bbox 879 1775 912 1831; x_wconf 89' lang='lat' dir='ltr'>et</span> <span class='ocrx_word' id='word_1_128' title='bbox 936 1766 1014 1851; x_wconf 71' lang='grc' dir='ltr'>ἀνήρ</span> <span class='ocrx_word' id='word_1_129' title='bbox 1037 1786 1189 1832; x_wconf 89' lang='lat' dir='ltr'>mensura</span> <span class='ocrx_word' id='word_1_130' title='bbox 1213 1767 1316 1848; x_wconf 87' lang='lat' dir='ltr'>epica.</span> 
     </span>
    </p>

    <p class='ocr_par' dir='ltr' id='par_1_6' title="bbox 211 1868 1398 2368">
     <span class='ocr_line' id='line_1_16' title="bbox 297 1868 1397 1956; baseline 0.003 -23"><span class='ocrx_word' id='word_1_131' title='bbox 297 1868 440 1933; x_wconf 90' lang='lat' dir='ltr'>Nominis</span> <span class='ocrx_word' id='word_1_132' title='bbox 452 1869 551 1956; x_wconf 71' lang='grc' dir='ltr'>Ἄρης</span> <span class='ocrx_word' id='word_1_133' title='bbox 574 1871 731 1952; x_wconf 86' lang='lat' dir='ltr'>syllabam</span> <span class='ocrx_word' id='word_1_134' title='bbox 747 1871 885 1951; x_wconf 90' lang='lat' dir='ltr'>priorem</span> <span class='ocrx_word' id='word_1_135' title='bbox 909 1890 1012 1951; x_wconf 88' lang='lat' dir='ltr'>neque</span> <span class='ocrx_word' id='word_1_136' title='bbox 1028 1876 1147 1935; x_wconf 82' lang='lat' dir='ltr'>natrma</span> <span class='ocrx_word' id='word_1_137' title='bbox 1171 1890 1243 1935; x_wconf 86' lang='lat' dir='ltr'>esse</span> <span class='ocrx_word' id='word_1_138' title='bbox 1265 1872 1397 1954; x_wconf 77' lang='lat' dir='ltr'>longam</span> 
     </span>
     <span class='ocr_line' id='line_1_17' title="bbox 211 1975 1398 2061; baseline 0.002 -22"><span class='ocrx_word' id='word_1_139' title='bbox 211 1993 315 2054; x_wconf 90' lang='lat' dir='ltr'>neque</span> <span class='ocrx_word' id='word_1_140' title='bbox 338 1975 547 2055; x_wconf 90' lang='lat' dir='ltr'>productione</span> <span class='ocrx_word' id='word_1_141' title='bbox 571 1975 802 2061; x_wconf 73' lang='lat' dir='ltr'>suppletoria2)</span> <span class='ocrx_word' id='word_1_142' title='bbox 827 1976 986 2044; x_wconf 85' lang='lat' dir='ltr'>evincitur</span> <span class='ocrx_word' id='word_1_143' title='bbox 1009 1977 1240 2041; x_wconf 88' lang='lat' dir='ltr'>consuetudine</span> <span class='ocrx_word' id='word_1_144' title='bbox 1264 1976 1398 2041; x_wconf 83' lang='lat' dir='ltr'>Homeri</span> 
     </span>
     <span class='ocr_line' id='line_1_18' title="bbox 212 2079 1397 2163; baseline 0.002 -19"><span class='ocrx_word' id='word_1_145' title='bbox 212 2100 232 2144; x_wconf 91' lang='lat' dir='ltr'>a</span> <span class='ocrx_word' id='word_1_146' title='bbox 255 2099 318 2160; x_wconf 83' lang='lat' dir='ltr'>qua</span> <span class='ocrx_word' id='word_1_147' title='bbox 347 2079 408 2143; x_wconf 88' lang='lat' dir='ltr'>hoc</span> <span class='ocrx_word' id='word_1_148' title='bbox 429 2098 545 2144; x_wconf 89' lang='lat' dir='ltr'>nomen</span> <span class='ocrx_word' id='word_1_149' title='bbox 572 2080 618 2145; x_wconf 88' lang='lat' dir='ltr'>ita</span> <span class='ocrx_word' id='word_1_150' title='bbox 648 2081 837 2145; x_wconf 88' lang='lat' dir='ltr'>collocatum</span> <span class='ocrx_word' id='word_1_151' title='bbox 860 2088 897 2146; x_wconf 92' lang='lat' dir='ltr'>ut</span> <span class='ocrx_word' id='word_1_152' title='bbox 920 2094 939 2147; x_wconf 79' lang='grc' dir='ltr'><em>ᾱ</em></span> <span class='ocrx_word' id='word_1_153' title='bbox 969 2082 1075 2148; x_wconf 88' lang='lat' dir='ltr'>thesin</span> <span class='ocrx_word' id='word_1_154' title='bbox 1104 2088 1255 2163; x_wconf 86' lang='lat' dir='ltr'>occupet,</span> <span class='ocrx_word' id='word_1_155' title='bbox 1289 2102 1397 2162; x_wconf 90' lang='lat' dir='ltr'>quam-</span> 
     </span>
     <span class='ocr_line' id='line_1_19' title="bbox 212 2183 1398 2270; baseline 0.003 -23"><span class='ocrx_word' id='word_1_156' title='bbox 212 2183 261 2248; x_wconf 87' lang='lat' dir='ltr'>vis</span> <span class='ocrx_word' id='word_1_157' title='bbox 283 2183 508 2262; x_wconf 83' lang='lat' dir='ltr'>frequentetur</span> <span class='ocrx_word' id='word_1_158' title='bbox 537 2202 557 2246; x_wconf 88' lang='lat' dir='ltr'>a</span> <span class='ocrx_word' id='word_1_159' title='bbox 580 2183 684 2264; x_wconf 87' lang='lat' dir='ltr'>poetis</span> <span class='ocrx_word' id='word_1_160' title='bbox 709 2213 727 2247; x_wconf 85' lang='grc' dir='ltr'><strong><em>α</em></strong></span> <span class='ocrx_word' id='word_1_161' title='bbox 755 2184 859 2250; x_wconf 88' lang='lat' dir='ltr'>vocali</span> <span class='ocrx_word' id='word_1_162' title='bbox 889 2186 920 2249; x_wconf 92' lang='lat' dir='ltr'>in</span> <span class='ocrx_word' id='word_1_163' title='bbox 945 2186 1010 2249; x_wconf 89' lang='lat' dir='ltr'>arsi</span> <span class='ocrx_word' id='word_1_164' title='bbox 1033 2186 1238 2270; x_wconf 79' lang='lat' dir='ltr'>producta,³)</span> <span class='ocrx_word' id='word_1_165' title='bbox 1269 2188 1398 2252; x_wconf 92' lang='lat' dir='ltr'>omnino</span> 
     </span>
     <span class='ocr_line' id='line_1_20' title="bbox 212 2288 993 2368; baseline 0.004 -16"><span class='ocrx_word' id='word_1_166' title='bbox 212 2289 385 2352; x_wconf 81' lang='lat' dir='ltr'>abliorrere</span> <span class='ocrx_word' id='word_1_167' title='bbox 408 2288 478 2352; x_wconf 86' lang='lat' dir='ltr'>VV.</span> <span class='ocrx_word' id='word_1_168' title='bbox 501 2288 571 2352; x_wconf 84' lang='lat' dir='ltr'><strong>DI).</strong></span> <span class='ocrx_word' id='word_1_169' title='bbox 596 2289 714 2353; x_wconf 90' lang='lat' dir='ltr'>dudum</span> <span class='ocrx_word' id='word_1_170' title='bbox 739 2290 993 2368; x_wconf 57' lang='lat' dir='ltr'>observaruutf)</span> 
     </span>
    </p>

    <p class='ocr_par' dir='ltr' id='par_1_7' title="bbox 212 2388 1398 2668">
     <span class='ocr_line' id='line_1_21' title="bbox 285 2388 1398 2477; baseline 0.001 -19"><span class='ocrx_word' id='word_1_171' title='bbox 285 2388 389 2477; x_wconf 71' lang='grc' dir='ltr'><em>’Ἄρης</em></span> <span class='ocrx_word' id='word_1_172' title='bbox 417 2392 460 2456; x_wconf 89' lang='lat' dir='ltr'>in.</span> <span class='ocrx_word' id='word_1_173' title='bbox 492 2412 593 2458; x_wconf 79' lang='lat' dir='ltr'>versa.</span> <span class='ocrx_word' id='word_1_174' title='bbox 619 2396 741 2457; x_wconf 70' lang='grc'><strong>11918.</strong></span> <span class='ocrx_word' id='word_1_175' title='bbox 772 2396 844 2459; x_wconf 74' lang='lat' dir='ltr'>stra.</span> <span class='ocrx_word' id='word_1_176' title='bbox 876 2395 928 2459; x_wconf 88' lang='lat' dir='ltr'>fin.</span> <span class='ocrx_word' id='word_1_177' title='bbox 959 2400 987 2458; x_wconf 82' lang='lat' dir='ltr'><em>E</em></span> <span class='ocrx_word' id='word_1_178' title='bbox 1007 2397 1080 2460; x_wconf 76' lang='lat'>563.</span> <span class='ocrx_word' id='word_1_179' title='bbox 1113 2398 1185 2460; x_wconf 78' lang='grc'><strong>794.</strong></span> <span class='ocrx_word' id='word_1_180' title='bbox 1218 2398 1291 2461; x_wconf 78' lang='lat'>845.</span> <span class='ocrx_word' id='word_1_181' title='bbox 1324 2399 1398 2461; x_wconf 76' lang='lat'>859.</span> 
     </span>
     <span class='ocr_line' id='line_1_22' title="bbox 213 2493 1397 2583; baseline 0.002 -22"><span class='ocrx_word' id='word_1_182' title='bbox 213 2500 284 2563; x_wconf 82' lang='lat'>866.</span> <span class='ocrx_word' id='word_1_183' title='bbox 320 2503 357 2562; x_wconf 87' lang='lat' dir='ltr'><em>H</em></span> <span class='ocrx_word' id='word_1_184' title='bbox 387 2499 456 2561; x_wconf 85' lang='grc'><strong>146.</strong></span> <span class='ocrx_word' id='word_1_185' title='bbox 489 2499 561 2561; x_wconf 70' lang='grc'><strong>208.</strong></span> <span class='ocrx_word' id='word_1_186' title='bbox 598 2504 632 2562; x_wconf 90' lang='grc' dir='ltr'><strong><em>Ν</em></strong></span> <span class='ocrx_word' id='word_1_187' title='bbox 659 2498 732 2561; x_wconf 71' lang='grc'><strong>521.</strong></span> <span class='ocrx_word' id='word_1_188' title='bbox 768 2500 889 2563; x_wconf 75' lang='grc'><strong>0112.</strong></span> <span class='ocrx_word' id='word_1_189' title='bbox 922 2505 956 2562; x_wconf 88' lang='grc' dir='ltr'><strong><em>Ν</em></strong></span> <span class='ocrx_word' id='word_1_190' title='bbox 976 2501 1040 2562; x_wconf 90' lang='grc'>444</span> <span class='ocrx_word' id='word_1_191' title='bbox 1071 2493 1119 2581; x_wconf 86' lang='grc' dir='ltr'>(Π</span> <span class='ocrx_word' id='word_1_192' title='bbox 1147 2501 1221 2563; x_wconf 82' lang='grc'><strong>613.</strong></span> <span class='ocrx_word' id='word_1_193' title='bbox 1255 2504 1283 2562; x_wconf 88' lang='lat' dir='ltr'><em>P</em></span> <span class='ocrx_word' id='word_1_194' title='bbox 1308 2500 1397 2583; x_wconf 72' lang='grc'><strong>529).</strong></span> 
     </span>
     <span class='ocr_line' id='line_1_23' title="bbox 212 2603 1178 2668; baseline 0.001 -1"><span class='ocrx_word' id='word_1_195' title='bbox 212 2605 330 2667; x_wconf 75' lang='lat'>[³210.</span> <span class='ocrx_word' id='word_1_196' title='bbox 357 2608 387 2667; x_wconf 82' lang='grc' dir='ltr'><em>Φ</em></span> <span class='ocrx_word' id='word_1_197' title='bbox 409 2605 481 2667; x_wconf 75' lang='grc'><strong>391.</strong></span> <span class='ocrx_word' id='word_1_198' title='bbox 508 2605 624 2666; x_wconf 67' lang='lat' dir='ltr'>arab.</span> <span class='ocrx_word' id='word_1_199' title='bbox 649 2612 665 2667; x_wconf 77' lang='lat' dir='ltr'>t</span> <span class='ocrx_word' id='word_1_200' title='bbox 688 2605 761 2667; x_wconf 72' lang='lat'>537.</span> <span class='ocrx_word' id='word_1_201' title='bbox 796 2604 872 2667; x_wconf 75' lang='lat' dir='ltr'>Hes,</span> <span class='ocrx_word' id='word_1_202' title='bbox 897 2603 983 2668; x_wconf 80' lang='lat' dir='ltr'>Seut.</span> <span class='ocrx_word' id='word_1_203' title='bbox 999 2606 1080 2668; x_wconf 75' lang='grc'><strong>192.</strong></span> <span class='ocrx_word' id='word_1_204' title='bbox 1104 2606 1178 2668; x_wconf 85' lang='grc'><strong>441.</strong></span> 
     </span>
    </p>

    <p class='ocr_par' dir='ltr' id='par_1_8' title="bbox 294 2700 1166 2790">
     <span class='ocr_line' id='line_1_24' title="bbox 294 2700 1166 2790; baseline -0.002 -19"><span class='ocrx_word' id='word_1_205' title='bbox 294 2700 386 2790; x_wconf 74' lang='grc' dir='ltr'>Ἆρες</span> <span class='ocrx_word' id='word_1_206' title='bbox 408 2706 450 2771; x_wconf 91' lang='lat' dir='ltr'>iu.</span> <span class='ocrx_word' id='word_1_207' title='bbox 476 2710 563 2771; x_wconf 78' lang='grc'><strong>1131</strong></span> <span class='ocrx_word' id='word_1_208' title='bbox 588 2737 609 2759; x_wconf 96' lang='lat'><strong><em>=</em></strong></span> <span class='ocrx_word' id='word_1_209' title='bbox 631 2708 705 2771; x_wconf 75' lang='lat'>455.</span> <span class='ocrx_word' id='word_1_210' title='bbox 740 2705 825 2770; x_wconf 79' lang='lat' dir='ltr'>Scut.</span> <span class='ocrx_word' id='word_1_211' title='bbox 850 2709 922 2771; x_wconf 77' lang='grc'><strong>446.</strong></span> <span class='ocrx_word' id='word_1_212' title='bbox 957 2707 987 2770; x_wconf 88' lang='lat' dir='ltr'>b.</span> <span class='ocrx_word' id='word_1_213' title='bbox 1011 2707 1041 2771; x_wconf 92' lang='lat' dir='ltr'>h.</span> <span class='ocrx_word' id='word_1_214' title='bbox 1066 2707 1114 2772; x_wconf 86' lang='lat' dir='ltr'>VI</span> <span class='ocrx_word' id='word_1_215' title='bbox 1140 2712 1166 2771; x_wconf 94' lang='grc'>1.</span> 
     </span>
    </p>

    <p class='ocr_par' dir='ltr' id='par_1_9' title="bbox 211 2809 1400 3632">
     <span class='ocr_line' id='line_1_25' title="bbox 285 2809 651 2897; baseline -0.003 -19"><span class='ocrx_word' id='word_1_216' title='bbox 285 2809 402 2897; x_wconf 72' lang='grc' dir='ltr'><em>’Ἄρεος</em></span> <span class='ocrx_word' id='word_1_217' title='bbox 424 2813 467 2878; x_wconf 84' lang='lat' dir='ltr'>in.</span> <span class='ocrx_word' id='word_1_218' title='bbox 492 2819 523 2878; x_wconf 73' lang='lat' dir='ltr'><em>A</em></span> <span class='ocrx_word' id='word_1_219' title='bbox 544 2812 651 2896; x_wconf 68' lang='grc'><strong>4415)</strong></span> 
     </span>
     <span class='ocr_line' id='line_1_26' title="bbox 211 2951 1400 3023; baseline -0.002 -17"><span class='ocrx_word' id='word_1_220' title='bbox 211 2952 328 3007; x_wconf 82' lang='lat' dir='ltr'>conferri</span> <span class='ocrx_word' id='word_1_221' title='bbox 347 2953 425 3005; x_wconf 84' lang='lat' dir='ltr'>velim</span> <span class='ocrx_word' id='word_1_222' title='bbox 444 2959 554 3019; x_wconf 88' lang='lat' dir='ltr'>praeter</span> <span class='ocrx_word' id='word_1_223' title='bbox 573 2952 664 3008; x_wconf 66' lang='lat' dir='ltr'>briaae</span> <span class='ocrx_word' id='word_1_224' title='bbox 684 2958 781 3004; x_wconf 70' lang='grc' dir='ltr'><em>θωκέω</em></span> <span class='ocrx_word' id='word_1_225' title='bbox 799 2951 892 3019; x_wconf 86' lang='lat' dir='ltr'>(snpra</span> <span class='ocrx_word' id='word_1_226' title='bbox 910 2967 935 3018; x_wconf 93' lang='lat' dir='ltr'>p.</span> <span class='ocrx_word' id='word_1_227' title='bbox 957 2953 1017 3018; x_wconf 72' lang='grc'><strong>435)</strong></span> <span class='ocrx_word' id='word_1_228' title='bbox 1037 2952 1128 3021; x_wconf 78' lang='lat' dir='ltr'>Cyprii</span> <span class='ocrx_word' id='word_1_229' title='bbox 1147 2968 1242 3006; x_wconf 88' lang='lat' dir='ltr'>nomen</span> <span class='ocrx_word' id='word_1_230' title='bbox 1264 2954 1400 3023; x_wconf 76' lang='grc' dir='ltr'><em>Τιμῶναξ</em></span> 
     </span>
     <span class='ocr_line' id='line_1_27' title="bbox 213 3036 1399 3112; baseline 0 -18"><span class='ocrx_word' id='word_1_231' title='bbox 213 3043 226 3094; x_wconf 84' lang='grc' dir='ltr'>ὁ</span> <span class='ocrx_word' id='word_1_232' title='bbox 248 3042 413 3112; x_wconf 71' lang='grc' dir='ltr'>Τιμαγόρεω)</span> <span class='ocrx_word' id='word_1_233' title='bbox 432 3037 562 3092; x_wconf 85' lang='lat' dir='ltr'>Herodot.</span> <span class='ocrx_word' id='word_1_234' title='bbox 583 3038 632 3089; x_wconf 88' lang='lat' dir='ltr'>VH</span> <span class='ocrx_word' id='word_1_235' title='bbox 650 3044 682 3089; x_wconf 82' lang='grc'>98</span> <span class='ocrx_word' id='word_1_236' title='bbox 706 3038 793 3103; x_wconf 81' lang='lat' dir='ltr'>(BCH.</span> <span class='ocrx_word' id='word_1_237' title='bbox 817 3038 854 3089; x_wconf 79' lang='lat' dir='ltr'>VI</span> <span class='ocrx_word' id='word_1_238' title='bbox 878 3038 938 3105; x_wconf 83' lang='grc'><strong>461)</strong></span> <span class='ocrx_word' id='word_1_239' title='bbox 965 3036 1048 3104; x_wconf 74' lang='grc' dir='ltr'>[ὦναξ</span> <span class='ocrx_word' id='word_1_240' title='bbox 1066 3040 1078 3091; x_wconf 94' lang='grc' dir='ltr'>Ι</span> <span class='ocrx_word' id='word_1_241' title='bbox 1106 3040 1171 3106; x_wconf 77' lang='lat' dir='ltr'>lael.</span> <span class='ocrx_word' id='word_1_242' title='bbox 1193 3070 1225 3076; x_wconf 95' lang='lat'>—</span> <span class='ocrx_word' id='word_1_243' title='bbox 1244 3039 1399 3094; x_wconf 83' lang='lat' dir='ltr'>Herodiani</span> 
     </span>
     <span class='ocr_line' id='line_1_28' title="bbox 212 3121 1399 3197; baseline 0.001 -16"><span class='ocrx_word' id='word_1_244' title='bbox 212 3130 298 3182; x_wconf 89' lang='lat' dir='ltr'>locum</span> <span class='ocrx_word' id='word_1_245' title='bbox 317 3128 383 3181; x_wconf 87' lang='lat' dir='ltr'>vitio</span> <span class='ocrx_word' id='word_1_246' title='bbox 407 3135 502 3193; x_wconf 88' lang='lat' dir='ltr'>aperto</span> <span class='ocrx_word' id='word_1_247' title='bbox 521 3127 691 3180; x_wconf 83' lang='lat' dir='ltr'>laborantem</span> <span class='ocrx_word' id='word_1_248' title='bbox 718 3121 794 3184; x_wconf 71' lang='grc' dir='ltr'><em>ἅδος·</em></span> <span class='ocrx_word' id='word_1_249' title='bbox 819 3126 979 3178; x_wconf 71' lang='lat' dir='ltr'>daorors&#39;ov·</span> <span class='ocrx_word' id='word_1_250' title='bbox 1003 3125 1033 3178; x_wconf 80' lang='lat' dir='ltr'>rb</span> <span class='ocrx_word' id='word_1_251' title='bbox 1059 3125 1114 3197; x_wconf 67' lang='grc' dir='ltr'>γὰρ</span> <span class='ocrx_word' id='word_1_252' title='bbox 1139 3148 1156 3177; x_wconf 81' lang='lat' dir='ltr'>a</span> <span class='ocrx_word' id='word_1_253' title='bbox 1176 3126 1231 3196; x_wconf 78' lang='grc' dir='ltr'>πρὸ</span> <span class='ocrx_word' id='word_1_254' title='bbox 1256 3131 1307 3180; x_wconf 70' lang='grc' dir='ltr'>τοῦ</span> <span class='ocrx_word' id='word_1_255' title='bbox 1328 3129 1346 3179; x_wconf 81' lang='grc' dir='ltr'><em>δ</em></span> <span class='ocrx_word' id='word_1_256' title='bbox 1364 3128 1399 3182; x_wconf 76' lang='grc' dir='ltr'>ὃν</span> 
     </span>
     <span class='ocr_line' id='line_1_29' title="bbox 212 3213 1399 3286; baseline 0 -17"><span class='ocrx_word' id='word_1_257' title='bbox 212 3222 259 3270; x_wconf 80' lang='grc' dir='ltr'>καὶ</span> <span class='ocrx_word' id='word_1_258' title='bbox 277 3216 314 3285; x_wconf 70' lang='lat' dir='ltr'>par}</span> <span class='ocrx_word' id='word_1_259' title='bbox 330 3218 394 3284; x_wconf 73' lang='grc' dir='ltr'>ἕχον</span> <span class='ocrx_word' id='word_1_260' title='bbox 413 3215 574 3285; x_wconf 65' lang='lat' dir='ltr'>crepanti-v</span> <span class='ocrx_word' id='word_1_261' title='bbox 587 3218 699 3268; x_wconf 65' lang='grc' dir='ltr'>ἔννοιαν</span> <span class='ocrx_word' id='word_1_262' title='bbox 718 3213 732 3279; x_wconf 74' lang='grc' dir='ltr'><em>ἢ</em></span> <span class='ocrx_word' id='word_1_263' title='bbox 746 3216 848 3286; x_wconf 66' lang='lat' dir='ltr'>aptista</span> <span class='ocrx_word' id='word_1_264' title='bbox 861 3234 923 3266; x_wconf 78' lang='lat' dir='ltr'>raro</span> <span class='ocrx_word' id='word_1_265' title='bbox 942 3216 1114 3269; x_wconf 69' lang='grc' dir='ltr'><em>δασύνεσθαι</em></span> <span class='ocrx_word' id='word_1_266' title='bbox 1128 3219 1214 3277; x_wconf 74' lang='grc' dir='ltr'><em>θέλει,</em></span> <span class='ocrx_word' id='word_1_267' title='bbox 1234 3216 1399 3286; x_wconf 63' lang='grc' dir='ltr'>σιερηυκῆν</span> 
     </span>
     <span class='ocr_line' id='line_1_30' title="bbox 211 3299 1398 3373; baseline -0.003 -15"><span class='ocrx_word' id='word_1_268' title='bbox 211 3306 267 3372; x_wconf 74' lang='grc' dir='ltr'>μὲν</span> <span class='ocrx_word' id='word_1_269' title='bbox 291 3299 377 3362; x_wconf 73' lang='grc' dir='ltr'><em>οὕτως</em></span> <span class='ocrx_word' id='word_1_270' title='bbox 402 3305 420 3369; x_wconf 93' lang='lat'>†</span> <span class='ocrx_word' id='word_1_271' title='bbox 448 3303 517 3369; x_wconf 80' lang='lat' dir='ltr'>(hiat</span> <span class='ocrx_word' id='word_1_272' title='bbox 540 3301 653 3370; x_wconf 84' lang='lat' dir='ltr'>oratio),</span> <span class='ocrx_word' id='word_1_273' title='bbox 680 3302 749 3354; x_wconf 71' lang='grc' dir='ltr'>κατὰ</span> <span class='ocrx_word' id='word_1_274' title='bbox 776 3304 878 3373; x_wconf 69' lang='grc' dir='ltr'><em>κρᾶσιν</em></span> <span class='ocrx_word' id='word_1_275' title='bbox 902 3303 989 3367; x_wconf 67' lang='grc' dir='ltr'><em>οἶδαής</em></span> <span class='ocrx_word' id='word_1_276' title='bbox 1013 3302 1136 3370; x_wconf 61' lang='grc' dir='ltr'>α’δρανιὶς</span> <span class='ocrx_word' id='word_1_277' title='bbox 1162 3303 1283 3367; x_wconf 57' lang='lat' dir='ltr'>sideritis</span> <span class='ocrx_word' id='word_1_278' title='bbox 1309 3302 1336 3355; x_wconf 90' lang='grc'>11</span> <span class='ocrx_word' id='word_1_279' title='bbox 1357 3309 1398 3370; x_wconf 75' lang='grc'>12,</span> 
     </span>
     <span class='ocr_line' id='line_1_31' title="bbox 212 3387 1399 3459; baseline 0.001 -17"><span class='ocrx_word' id='word_1_280' title='bbox 212 3394 245 3442; x_wconf 86' lang='grc'>33</span> <span class='ocrx_word' id='word_1_281' title='bbox 258 3407 314 3457; x_wconf 88' lang='lat' dir='ltr'><strong>sqq.</strong></span> <span class='ocrx_word' id='word_1_282' title='bbox 336 3388 363 3441; x_wconf 83' lang='lat' dir='ltr'>t.</span> <span class='ocrx_word' id='word_1_283' title='bbox 384 3389 421 3442; x_wconf 88' lang='lat' dir='ltr'>sic</span> <span class='ocrx_word' id='word_1_284' title='bbox 435 3387 617 3456; x_wconf 81' lang='lat' dir='ltr'>retingendum</span> <span class='ocrx_word' id='word_1_285' title='bbox 631 3388 758 3454; x_wconf 79' lang='lat' dir='ltr'>arbitror,</span> <span class='ocrx_word' id='word_1_286' title='bbox 778 3399 806 3441; x_wconf 87' lang='lat' dir='ltr'>ut</span> <span class='ocrx_word' id='word_1_287' title='bbox 825 3389 949 3459; x_wconf 68' lang='grc' dir='ltr'>ιίδρανής</span> <span class='ocrx_word' id='word_1_288' title='bbox 962 3390 1081 3454; x_wconf 59' lang='lat' dir='ltr'>adeunda</span> <span class='ocrx_word' id='word_1_289' title='bbox 1102 3389 1216 3442; x_wconf 84' lang='lat' dir='ltr'>lacunae</span> <span class='ocrx_word' id='word_1_290' title='bbox 1238 3389 1399 3443; x_wconf 86' lang='lat' dir='ltr'>inserantur</span> 
     </span>
     <span class='ocr_line' id='line_1_32' title="bbox 212 3475 1396 3559; baseline 0.001 -30"><span class='ocrx_word' id='word_1_291' title='bbox 212 3477 307 3559; x_wconf 78' lang='lat' dir='ltr'>(Lehrs</span> <span class='ocrx_word' id='word_1_292' title='bbox 327 3476 391 3530; x_wconf 87' lang='lat' dir='ltr'>Her.</span> <span class='ocrx_word' id='word_1_293' title='bbox 411 3484 444 3528; x_wconf 88' lang='lat' dir='ltr'>tr.</span> <span class='ocrx_word' id='word_1_294' title='bbox 464 3492 512 3529; x_wconf 84' lang='lat' dir='ltr'>scr.</span> <span class='ocrx_word' id='word_1_295' title='bbox 533 3481 604 3542; x_wconf 79' lang='lat'>261),</span> <span class='ocrx_word' id='word_1_296' title='bbox 631 3478 717 3542; x_wconf 54' lang='lat' dir='ltr'>ridear</span> <span class='ocrx_word' id='word_1_297' title='bbox 743 3478 770 3528; x_wconf 87' lang='lat' dir='ltr'>in</span> <span class='ocrx_word' id='word_1_298' title='bbox 790 3478 877 3542; x_wconf 56' lang='lat' dir='ltr'>dadis</span> <span class='ocrx_word' id='word_1_299' title='bbox 896 3475 989 3529; x_wconf 88' lang='lat' dir='ltr'>addito</span> <span class='ocrx_word' id='word_1_300' title='bbox 1008 3475 1086 3529; x_wconf 87' lang='lat' dir='ltr'>simul</span> <span class='ocrx_word' id='word_1_301' title='bbox 1108 3476 1243 3540; x_wconf 58' lang='lat' dir='ltr'>‹addc›</span> <span class='ocrx_word' id='word_1_302' title='bbox 1265 3483 1396 3531; x_wconf 85' lang='lat' dir='ltr'>mutetur.</span> 
     </span>
     <span class='ocr_line' id='line_1_33' title="bbox 211 3565 1237 3632; baseline 0.002 -15"><span class='ocrx_word' id='word_1_303' title='bbox 211 3565 304 3619; x_wconf 90' lang='lat' dir='ltr'>Voluit</span> <span class='ocrx_word' id='word_1_304' title='bbox 322 3565 412 3618; x_wconf 87' lang='lat' dir='ltr'>dicere</span> <span class='ocrx_word' id='word_1_305' title='bbox 431 3567 519 3630; x_wconf 71' lang='grc' dir='ltr'>αἀδής</span> <span class='ocrx_word' id='word_1_306' title='bbox 538 3566 565 3617; x_wconf 91' lang='lat' dir='ltr'>in</span> <span class='ocrx_word' id='word_1_307' title='bbox 585 3567 653 3630; x_wconf 63' lang='lat' dir='ltr'>sidric</span> <span class='ocrx_word' id='word_1_308' title='bbox 673 3572 841 3619; x_wconf 87' lang='lat' dir='ltr'>contractum</span> <span class='ocrx_word' id='word_1_309' title='bbox 860 3566 983 3632; x_wconf 87' lang='lat' dir='ltr'>spiritum</span> <span class='ocrx_word' id='word_1_310' title='bbox 1003 3566 1091 3618; x_wconf 90' lang='lat' dir='ltr'>lenem</span> <span class='ocrx_word' id='word_1_311' title='bbox 1110 3565 1237 3619; x_wconf 85' lang='lat' dir='ltr'>retinere.</span> 
     </span>
    </p>

    <p class='ocr_par' dir='ltr' id='par_1_10' title="bbox 211 3650 1397 3807">
     <span class='ocr_line' id='line_1_34' title="bbox 284 3650 1397 3720; baseline 0 -16"><span class='ocrx_word' id='word_1_312' title='bbox 284 3655 302 3716; x_wconf 85' lang='grc'>1)</span> <span class='ocrx_word' id='word_1_313' title='bbox 321 3651 419 3704; x_wconf 86' lang='lat' dir='ltr'>Fuitne</span> <span class='ocrx_word' id='word_1_314' title='bbox 438 3652 629 3705; x_wconf 86' lang='lat' dir='ltr'>contractionis</span> <span class='ocrx_word' id='word_1_315' title='bbox 648 3667 729 3705; x_wconf 89' lang='lat' dir='ltr'>causa</span> <span class='ocrx_word' id='word_1_316' title='bbox 753 3660 879 3707; x_wconf 87' lang='lat' dir='ltr'>accentus</span> <span class='ocrx_word' id='word_1_317' title='bbox 904 3653 1057 3720; x_wconf 80' lang='lat' dir='ltr'>proiectus?</span> <span class='ocrx_word' id='word_1_318' title='bbox 1082 3667 1174 3719; x_wconf 82' lang='lat' dir='ltr'>neogr.</span> <span class='ocrx_word' id='word_1_319' title='bbox 1198 3650 1291 3705; x_wconf 70' lang='lat' dir='ltr'>uidam</span> <span class='ocrx_word' id='word_1_320' title='bbox 1309 3651 1397 3716; x_wconf 80' lang='lat' dir='ltr'>(iuxta</span> 
     </span>
     <span class='ocr_line' id='line_1_35' title="bbox 211 3725 1255 3807; baseline 0 -15"><span class='ocrx_word' id='word_1_321' title='bbox 211 3725 299 3802; x_wconf 75' lang='lat' dir='ltr'>carini,</span> <span class='ocrx_word' id='word_1_322' title='bbox 320 3742 423 3793; x_wconf 70' lang='lat' dir='ltr'>cidem</span> <span class='ocrx_word' id='word_1_323' title='bbox 443 3740 485 3792; x_wconf 91' lang='lat' dir='ltr'>Du</span> <span class='ocrx_word' id='word_1_324' title='bbox 505 3740 596 3807; x_wconf 82' lang='lat' dir='ltr'>Gange</span> <span class='ocrx_word' id='word_1_325' title='bbox 615 3755 636 3793; x_wconf 83' lang='lat' dir='ltr'>s.</span> <span class='ocrx_word' id='word_1_326' title='bbox 655 3741 703 3804; x_wconf 77' lang='lat' dir='ltr'>ui:</span> <span class='ocrx_word' id='word_1_327' title='bbox 724 3742 838 3793; x_wconf 65' lang='lat' dir='ltr'>adortari</span> <span class='ocrx_word' id='word_1_328' title='bbox 855 3739 967 3803; x_wconf 83' lang='lat' dir='ltr'>(Morosi</span> <span class='ocrx_word' id='word_1_329' title='bbox 986 3739 1067 3791; x_wconf 82' lang='lat' dir='ltr'>Arch.</span> <span class='ocrx_word' id='word_1_330' title='bbox 1087 3739 1123 3805; x_wconf 79' lang='lat' dir='ltr'>gl.</span> <span class='ocrx_word' id='word_1_331' title='bbox 1143 3737 1181 3791; x_wconf 88' lang='lat' dir='ltr'>lV</span> <span class='ocrx_word' id='word_1_332' title='bbox 1204 3740 1255 3805; x_wconf 81' lang='lat'><strong>32).</strong></span> 
     </span>
    </p>

    <p class='ocr_par' dir='ltr' id='par_1_11' title="bbox 281 3825 960 3899">
     <span class='ocr_line' id='line_1_36' title="bbox 281 3825 960 3899; baseline -0.001 -20"><span class='ocrx_word' id='word_1_333' title='bbox 281 3829 302 3895; x_wconf 80' lang='lat'>²)</span> <span class='ocrx_word' id='word_1_334' title='bbox 322 3825 355 3895; x_wconf 73' lang='lat' dir='ltr'>cip</span> <span class='ocrx_word' id='word_1_335' title='bbox 375 3843 408 3879; x_wconf 83' lang='lat' dir='ltr'>er</span> <span class='ocrx_word' id='word_1_336' title='bbox 428 3830 482 3899; x_wconf 77' lang='grc' dir='ltr'>α’ρσ</span> <span class='ocrx_word' id='word_1_337' title='bbox 500 3827 542 3880; x_wconf 86' lang='lat' dir='ltr'>vel</span> <span class='ocrx_word' id='word_1_338' title='bbox 560 3831 615 3897; x_wconf 60' lang='grc' dir='ltr'>ἄρ]</span> <span class='ocrx_word' id='word_1_339' title='bbox 630 3826 738 3880; x_wconf 90' lang='lat' dir='ltr'>Harder</span> <span class='ocrx_word' id='word_1_340' title='bbox 756 3827 789 3880; x_wconf 88' lang='lat' dir='ltr'>de</span> <span class='ocrx_word' id='word_1_341' title='bbox 809 3848 825 3878; x_wconf 85' lang='lat' dir='ltr'>a</span> <span class='ocrx_word' id='word_1_342' title='bbox 843 3843 899 3879; x_wconf 86' lang='lat' dir='ltr'>voc.</span> <span class='ocrx_word' id='word_1_343' title='bbox 922 3832 960 3879; x_wconf 75' lang='lat' dir='ltr'>io.</span> 
     </span>
    </p>

    <p class='ocr_par' dir='ltr' id='par_1_12' title="bbox 210 3915 1396 4156">
     <span class='ocr_line' id='line_1_37' title="bbox 282 3915 1396 3985; baseline 0.004 -18"><span class='ocrx_word' id='word_1_344' title='bbox 282 3916 301 3983; x_wconf 70' lang='grc'>3)</span> <span class='ocrx_word' id='word_1_345' title='bbox 321 3915 398 3983; x_wconf 77' lang='lat' dir='ltr'>Quod</span> <span class='ocrx_word' id='word_1_346' title='bbox 418 3915 551 3968; x_wconf 85' lang='lat' dir='ltr'>Pindarus</span> <span class='ocrx_word' id='word_1_347' title='bbox 575 3918 626 3982; x_wconf 85' lang='lat' dir='ltr'>(ex.</span> <span class='ocrx_word' id='word_1_348' title='bbox 652 3932 692 3982; x_wconf 78' lang='lat' dir='ltr'>gr.</span> <span class='ocrx_word' id='word_1_349' title='bbox 711 3915 739 3967; x_wconf 92' lang='lat' dir='ltr'>P.</span> <span class='ocrx_word' id='word_1_350' title='bbox 759 3916 786 3968; x_wconf 95' lang='lat' dir='ltr'>ll</span> <span class='ocrx_word' id='word_1_351' title='bbox 805 3921 828 3971; x_wconf 78' lang='lat'>2.</span> <span class='ocrx_word' id='word_1_352' title='bbox 856 3916 881 3967; x_wconf 83' lang='lat' dir='ltr'>X</span> <span class='ocrx_word' id='word_1_353' title='bbox 907 3917 947 3983; x_wconf 79' lang='grc'>11)</span> <span class='ocrx_word' id='word_1_354' title='bbox 975 3915 1100 3984; x_wconf 79' lang='lat' dir='ltr'>Baccbpl.</span> <span class='ocrx_word' id='word_1_355' title='bbox 1120 3916 1171 3982; x_wconf 87' lang='grc'>(36,</span> <span class='ocrx_word' id='word_1_356' title='bbox 1191 3916 1267 3983; x_wconf 63' lang='grc'><strong>2114.)</strong></span> <span class='ocrx_word' id='word_1_357' title='bbox 1296 3919 1396 3985; x_wconf 78' lang='lat' dir='ltr'>tragici</span> 
     </span>
     <span class='ocr_line' id='line_1_38' title="bbox 210 4000 1394 4073; baseline 0.005 -20"><span class='ocrx_word' id='word_1_358' title='bbox 210 4000 324 4069; x_wconf 84' lang='lat' dir='ltr'>(Teuffel</span> <span class='ocrx_word' id='word_1_359' title='bbox 343 4001 378 4054; x_wconf 91' lang='lat' dir='ltr'>ad</span> <span class='ocrx_word' id='word_1_360' title='bbox 397 4002 493 4055; x_wconf 84' lang='lat' dir='ltr'>Aesch.</span> <span class='ocrx_word' id='word_1_361' title='bbox 506 4003 578 4057; x_wconf 85' lang='lat' dir='ltr'>Pera.</span> <span class='ocrx_word' id='word_1_362' title='bbox 593 4009 634 4055; x_wconf 79' lang='lat'>83.</span> <span class='ocrx_word' id='word_1_363' title='bbox 661 4002 741 4070; x_wconf 86' lang='lat' dir='ltr'>Soph.</span> <span class='ocrx_word' id='word_1_364' title='bbox 762 4003 852 4069; x_wconf 70' lang='lat' dir='ltr'>Antip.</span> <span class='ocrx_word' id='word_1_365' title='bbox 875 4006 933 4068; x_wconf 79' lang='grc'><strong>139)</strong></span> <span class='ocrx_word' id='word_1_366' title='bbox 952 4025 969 4054; x_wconf 79' lang='lat' dir='ltr'>a</span> <span class='ocrx_word' id='word_1_367' title='bbox 988 4003 1050 4055; x_wconf 86' lang='lat' dir='ltr'>hinc</span> <span class='ocrx_word' id='word_1_368' title='bbox 1069 4001 1131 4056; x_wconf 87' lang='lat' dir='ltr'>iude</span> <span class='ocrx_word' id='word_1_369' title='bbox 1149 4002 1311 4071; x_wconf 87' lang='lat' dir='ltr'>producunt,</span> <span class='ocrx_word' id='word_1_370' title='bbox 1331 4007 1394 4073; x_wconf 81' lang='lat' dir='ltr'>qrrin</span> 
     </span>
     <span class='ocr_line' id='line_1_39' title="bbox 211 4088 969 4156; baseline 0.001 -14"><span class='ocrx_word' id='word_1_371' title='bbox 211 4105 244 4142; x_wconf 89' lang='lat' dir='ltr'>ex</span> <span class='ocrx_word' id='word_1_372' title='bbox 263 4089 374 4143; x_wconf 87' lang='lat' dir='ltr'>Homeri</span> <span class='ocrx_word' id='word_1_373' title='bbox 393 4090 544 4143; x_wconf 87' lang='lat' dir='ltr'>imitatione</span> <span class='ocrx_word' id='word_1_374' title='bbox 563 4088 701 4156; x_wconf 84' lang='lat' dir='ltr'>pendeant</span> <span class='ocrx_word' id='word_1_375' title='bbox 719 4106 772 4143; x_wconf 91' lang='lat' dir='ltr'>non</span> <span class='ocrx_word' id='word_1_376' title='bbox 792 4090 902 4143; x_wconf 91' lang='lat' dir='ltr'>dubium</span> <span class='ocrx_word' id='word_1_377' title='bbox 922 4098 969 4143; x_wconf 86' lang='lat' dir='ltr'>est.</span> 
     </span>
    </p>

    <p class='ocr_par' dir='ltr' id='par_1_13' title="bbox 211 4176 1394 4336">
     <span class='ocr_line' id='line_1_40' title="bbox 282 4176 1394 4247; baseline 0.005 -20"><span class='ocrx_word' id='word_1_378' title='bbox 282 4177 302 4242; x_wconf 83' lang='lat'>⁴)</span> <span class='ocrx_word' id='word_1_379' title='bbox 320 4177 422 4243; x_wconf 81' lang='lat' dir='ltr'>primus</span> <span class='ocrx_word' id='word_1_380' title='bbox 445 4176 544 4230; x_wconf 83' lang='lat' dir='ltr'>Graese</span> <span class='ocrx_word' id='word_1_381' title='bbox 570 4181 648 4243; x_wconf 19' lang='lat' dir='ltr'>(ateste</span> <span class='ocrx_word' id='word_1_382' title='bbox 675 4176 827 4232; x_wconf 86' lang='lat' dir='ltr'>Gerhardio</span> <span class='ocrx_word' id='word_1_383' title='bbox 851 4176 912 4236; x_wconf 81' lang='lat' dir='ltr'>lect,</span> <span class='ocrx_word' id='word_1_384' title='bbox 937 4178 1026 4247; x_wconf 85' lang='lat' dir='ltr'>Apoll.</span> <span class='ocrx_word' id='word_1_385' title='bbox 1052 4181 1110 4245; x_wconf 89' lang='grc'><strong>111)</strong></span> <span class='ocrx_word' id='word_1_386' title='bbox 1135 4180 1179 4246; x_wconf 91' lang='lat' dir='ltr'>qni</span> <span class='ocrx_word' id='word_1_387' title='bbox 1206 4179 1277 4232; x_wconf 90' lang='lat' dir='ltr'>idem</span> <span class='ocrx_word' id='word_1_388' title='bbox 1302 4182 1394 4234; x_wconf 81' lang='lat' dir='ltr'>valore</span> 
     </span>
     <span class='ocr_line' id='line_1_41' title="bbox 211 4258 1130 4336; baseline 0.002 -20"><span class='ocrx_word' id='word_1_389' title='bbox 211 4263 244 4316; x_wconf 88' lang='lat' dir='ltr'>de</span> <span class='ocrx_word' id='word_1_390' title='bbox 265 4258 337 4335; x_wconf 72' lang='grc' dir='ltr'>ὕδωρ</span> <span class='ocrx_word' id='word_1_391' title='bbox 357 4266 428 4336; x_wconf 62' lang='lat' dir='ltr'>civia</span> <span class='ocrx_word' id='word_1_392' title='bbox 448 4266 523 4334; x_wconf 62' lang='lat' dir='ltr'>aaa</span> <span class='ocrx_word' id='word_1_393' title='bbox 542 4264 692 4318; x_wconf 86' lang='lat' dir='ltr'>addiderat.</span> <span class='ocrx_word' id='word_1_394' title='bbox 715 4295 743 4302; x_wconf 99' lang='lat'><em>-</em></span> <span class='ocrx_word' id='word_1_395' title='bbox 765 4266 888 4333; x_wconf 86' lang='lat' dir='ltr'>Spitzner</span> <span class='ocrx_word' id='word_1_396' title='bbox 905 4282 929 4318; x_wconf 84' lang='lat' dir='ltr'>v.</span> <span class='ocrx_word' id='word_1_397' title='bbox 949 4267 994 4319; x_wconf 88' lang='lat' dir='ltr'>Gr.</span> <span class='ocrx_word' id='word_1_398' title='bbox 1013 4266 1070 4324; x_wconf 83' lang='lat' dir='ltr'>her.</span> <span class='ocrx_word' id='word_1_399' title='bbox 1090 4272 1130 4318; x_wconf 76' lang='lat'>23.</span> 
     </span>
    </p>

    <p class='ocr_par' dir='ltr' id='par_1_14' title="bbox 281 4353 1392 4426">
     <span class='ocr_line' id='line_1_42' title="bbox 281 4353 1392 4426; baseline 0.005 -22"><span class='ocrx_word' id='word_1_400' title='bbox 281 4353 301 4419; x_wconf 65' lang='grc' dir='ltr'>ὁ)</span> <span class='ocrx_word' id='word_1_401' title='bbox 322 4359 344 4404; x_wconf 86' lang='grc' dir='ltr'><em>Τ</em></span> <span class='ocrx_word' id='word_1_402' title='bbox 361 4357 401 4403; x_wconf 78' lang='lat' dir='ltr'>tr.</span> <span class='ocrx_word' id='word_1_403' title='bbox 427 4359 448 4403; x_wconf 73' lang='grc' dir='ltr'><em>θ</em></span> <span class='ocrx_word' id='word_1_404' title='bbox 467 4358 515 4404; x_wconf 74' lang='lat' dir='ltr'>tol</span> <span class='ocrx_word' id='word_1_405' title='bbox 540 4353 636 4420; x_wconf 87' lang='lat' dir='ltr'>quibus</span> <span class='ocrx_word' id='word_1_406' title='bbox 662 4354 727 4406; x_wconf 85' lang='lat' dir='ltr'>loeis</span> <span class='ocrx_word' id='word_1_407' title='bbox 751 4353 891 4407; x_wconf 86' lang='lat' dir='ltr'>Hermann</span> <span class='ocrx_word' id='word_1_408' title='bbox 919 4355 953 4406; x_wconf 90' lang='lat' dir='ltr'>ad</span> <span class='ocrx_word' id='word_1_409' title='bbox 982 4354 1065 4421; x_wconf 90' lang='lat' dir='ltr'>Orph.</span> <span class='ocrx_word' id='word_1_410' title='bbox 1090 4358 1193 4421; x_wconf 80' lang='lat' dir='ltr'>Argon.</span> <span class='ocrx_word' id='word_1_411' title='bbox 1215 4361 1281 4407; x_wconf 69' lang='lat'>1018</span> <span class='ocrx_word' id='word_1_412' title='bbox 1296 4360 1392 4426; x_wconf 72' lang='grc' dir='ltr'>’.ίρεος</span> 
     </span>
    </p>
   </div>
   <div class='ocr_carea' id='block_1_5' title="bbox 211 4438 1393 4600">
    <p class='ocr_par' dir='ltr' id='par_1_15' title="bbox 211 4438 1393 4600">
     <span class='ocr_line' id='line_1_43' title="bbox 220 4438 1393 4509; baseline 0.006 -19"><span class='ocrx_word' id='word_1_413' title='bbox 220 4439 302 4504; x_wconf 50' lang='grc' dir='ltr'>Μ)</span> <span class='ocrx_word' id='word_1_414' title='bbox 317 4439 400 4506; x_wconf 84' lang='lat' dir='ltr'>(Scut.</span> <span class='ocrx_word' id='word_1_415' title='bbox 410 4445 460 4491; x_wconf 76' lang='lat' dir='ltr'>too</span> <span class='ocrx_word' id='word_1_416' title='bbox 475 4444 584 4509; x_wconf 69' lang='grc' dir='ltr'><strong><em>Ἄρεως,</em></strong></span> <span class='ocrx_word' id='word_1_417' title='bbox 603 4438 635 4493; x_wconf 88' lang='lat' dir='ltr'>cf.</span> <span class='ocrx_word' id='word_1_418' title='bbox 651 4439 733 4506; x_wconf 91' lang='lat' dir='ltr'>Orph.</span> <span class='ocrx_word' id='word_1_419' title='bbox 746 4456 771 4507; x_wconf 94' lang='lat' dir='ltr'>p.</span> <span class='ocrx_word' id='word_1_420' title='bbox 787 4444 846 4506; x_wconf 77' lang='lat'>8⁶25)</span> <span class='ocrx_word' id='word_1_421' title='bbox 859 4441 1020 4509; x_wconf 88' lang='lat' dir='ltr'>bisyllabum</span> <span class='ocrx_word' id='word_1_422' title='bbox 1035 4457 1093 4495; x_wconf 85' lang='lat' dir='ltr'>esse</span> <span class='ocrx_word' id='word_1_423' title='bbox 1106 4441 1176 4495; x_wconf 84' lang='lat' dir='ltr'>dixit</span> <span class='ocrx_word' id='word_1_424' title='bbox 1189 4460 1243 4497; x_wconf 89' lang='lat' dir='ltr'>non</span> <span class='ocrx_word' id='word_1_425' title='bbox 1256 4442 1334 4497; x_wconf 84' lang='lat' dir='ltr'>video</span> <span class='ocrx_word' id='word_1_426' title='bbox 1346 4461 1393 4497; x_wconf 89' lang='lat' dir='ltr'>cur</span> 
     </span>
     <span class='ocr_line' id='line_1_44' title="bbox 211 4525 1392 4600; baseline 0.006 -23"><span class='ocrx_word' id='word_1_427' title='bbox 211 4541 264 4578; x_wconf 91' lang='lat' dir='ltr'>non</span> <span class='ocrx_word' id='word_1_428' title='bbox 287 4525 376 4594; x_wconf 86' lang='lat' dir='ltr'>potius</span> <span class='ocrx_word' id='word_1_429' title='bbox 398 4533 575 4593; x_wconf 82' lang='lat' dir='ltr'>anapaestum</span> <span class='ocrx_word' id='word_1_430' title='bbox 600 4543 783 4595; x_wconf 81' lang='lat' dir='ltr'>agnoscamus.</span> <span class='ocrx_word' id='word_1_431' title='bbox 820 4527 890 4582; x_wconf 86' lang='lat' dir='ltr'>Nam</span> <span class='ocrx_word' id='word_1_432' title='bbox 910 4529 981 4596; x_wconf 89' lang='lat' dir='ltr'>qnod</span> <span class='ocrx_word' id='word_1_433' title='bbox 1001 4528 1140 4582; x_wconf 85' lang='lat' dir='ltr'>Hermann</span> <span class='ocrx_word' id='word_1_434' title='bbox 1160 4530 1176 4582; x_wconf 92' lang='lat' dir='ltr'>l.</span> <span class='ocrx_word' id='word_1_435' title='bbox 1197 4531 1213 4583; x_wconf 95' lang='lat' dir='ltr'>l.</span> <span class='ocrx_word' id='word_1_436' title='bbox 1233 4532 1336 4600; x_wconf 64' lang='grc' dir='ltr'>ίἌρεος</span> <span class='ocrx_word' id='word_1_437' title='bbox 1354 4533 1392 4597; x_wconf 86' lang='lat' dir='ltr'>(et</span> 
     </span>
    </p>
   </div>
   <div class='ocr_carea' id='block_1_6' title="bbox 0 0 1482 5018">
    <p class='ocr_par' dir='ltr' id='par_1_16' title="bbox 0 0 1482 5018">
     <span class='ocr_line' id='line_1_45' title="bbox 0 0 1482 5018; baseline 0 0"><span class='ocrx_word' id='word_1_438' title='bbox 0 0 1482 5018; x_wconf 95' lang='lat' dir='ltr'> </span> 
     </span>
    </p>
   </div>
  </div>
 </body>
</html>
