2956 5018
703 213 852 289 7-468
899 248 939 259 -

219 400 360 467 Simulac
402 430 413 466 ι
450 401 676 467 intermedium
719 401 912 483 superlativi
955 400 1131 486 αει’(,[)ατας
1174 401 1292 483 periit,
1337 421 1416 482 quae

220 506 380 588 genuinus
396 506 558 571 Homerus
582 505 726 570 discreta
747 505 907 570 habuerat
923 503 956 568 in
973 523 1071 569 unum
1095 503 1189 583 quasi
1210 505 1416 572 coaluerunt:

219 611 332 686 νέατας
365 610 511 675 ‘infimus’
539 609 622 690 legis
651 609 737 689 apud
768 608 917 673 Solonem
951 612 999 690 13,
1027 612 1067 673 10
1098 617 1213 673 esdron
1244 613 1418 691 πυθμένος,

220 714 307 794 apud
331 712 533 778 Herodotum
557 713 590 777 in
614 713 745 777 oracrdo
769 713 834 778 VII
860 715 930 794 140,
953 716 984 793 4,
1007 713 1206 777 homericum
1229 713 1313 777 ὑπαί
1338 713 1418 777 nlla

219 819 346 882 νείατον
365 816 449 903 ’Ἴδης
480 818 550 880 loco
582 816 681 880 cessit
711 816 837 882 novicio
868 817 1035 882 αεὰααιαια
1067 818 1120 881 ὑπ’
1153 816 1273 900 ὄχθαις
1303 817 1419 881 Kaibel

220 922 293 1000 231,
313 923 340 984 1.
376 921 467 1002 Quae
490 938 543 984 res
566 918 674 983 fraudi
697 919 759 983 fuit
773 919 1002 1001 interpolatori
1024 920 1080 999 qni
1099 920 1234 984 carmini
1257 919 1419 984 homerico

220 1023 312 1090 velut
345 1042 487 1102 pannum
522 1022 631 1086 adsuit
665 1022 832 1088 hortorum
872 1025 958 1107 regis
988 1024 1116 1089 Alcinoi
1150 1025 1419 1105 descriptionem

219 1147 291 1193 curn
322 1127 406 1192 enim
441 1127 572 1193 diversa
603 1127 715 1202 αέατας
746 1144 844 1191 sensu
880 1127 991 1195 nativo
1026 1147 1090 1192 non
1120 1128 1184 1192 iam
1216 1126 1420 1208 distinguere

218 1232 362 1312 valeret,
393 1231 504 1296 intulit
527 1230 623 1295 alteri
654 1229 739 1310 qnod
769 1251 834 1297 non
864 1231 927 1296 nisi
957 1233 1097 1297 alterum
1128 1232 1268 1296 decebat
1298 1241 1333 1295 et
1363 1248 1420 1311 pro

219 1337 382 1423 oe‘(s)aro;
413 1355 524 1401 errore
553 1336 655 1401 inscio
686 1335 769 1400 dixit
798 1334 986 1419 ναίωατος,
1019 1363 1037 1419 η
1069 1336 1130 1398 127
1163 1335 1291 1399 νείατον
1322 1334 1421 1418 ὄρχον

220 1441 440 1508 ‘novissimum
475 1440 642 1504 ordinem’.
675 1478 714 1487 —
746 1439 826 1525 νήτη
857 1457 898 1503 ex
933 1437 1078 1522 νε([)ἁτη
1109 1456 1152 1502 an
1186 1456 1227 1501 ex
1261 1437 1420 1522 αει(])άαα

218 1550 422 1608 contractum
446 1543 489 1608 sit
512 1562 577 1608 non
600 1543 704 1624 magis
735 1543 801 1608 scio
831 1561 927 1622 quam
958 1541 1035 1621 quid
1066 1540 1184 1605 faciam
1215 1541 1322 1607 vocali
1349 1570 1367 1625 η
1390 1541 1421 1605 in

218 1647 374 1729 Hesychii
404 1646 530 1731 νήιστα·
567 1648 690 1730 ἔσχατα
721 1645 892 1710 κατώτατα
927 1645 1088 1732 (Νὴιτται
1120 1645 1216 1709 πύλαι
1248 1644 1421 1710 Fabricius

219 1750 353 1814 Theben
378 1750 474 1814 2611.
500 1749 568 1833 39).

304 1851 420 1933 portic
443 1851 584 1916 Homero
609 1851 727 1930 ubique
750 1869 808 1931 pro
836 1850 965 1933 dactylo
990 1857 1050 1931 est,
1075 1850 1194 1915 Atticis
1218 1859 1337 1917 contra
1362 1871 1418 1933 pro

218 1955 382 2021 tribracho
427 1953 544 2039 (veluti
585 1954 682 2034 Soph.
722 1954 838 2019 Trach.
882 1956 977 2038 781),
1025 1974 1121 2034 quem
1164 1954 1420 2036 discrepantiam

218 2058 353 2123 metrica
373 2058 506 2124 licentia
529 2077 686 2123 excusare
709 2077 853 2123 summae
877 2063 966 2122 esset
988 2057 1134 2138 profecto
1157 2057 1323 2123 licentiae.
1365 2060 1421 2124 Cui

218 2161 329 2227 similis
353 2161 552 2243 deprehendi
575 2160 706 2227 videtur
728 2160 761 2225 in
786 2158 900 2237 αὖελας
916 2160 988 2245 (Ar.
1005 2161 1089 2240 Equ.
1108 2164 1202 2226 1060.
1227 2162 1329 2243 Vesp.
1349 2167 1419 2228 141.

217 2266 295 2330 Pac.
321 2269 394 2330 843.
424 2264 559 2345 Eupolis
588 2266 661 2346 256,
689 2267 704 2328 1
733 2264 918 2350 laaaK.);
952 2271 988 2329 at
1016 2270 1106 2329 recte
1136 2265 1279 2330 fortasse
1310 2268 1419 2334 oreris

218 2370 384 2435 reducitur
407 2370 581 2436 verborum
605 2367 860 2449 transpositione
889 2375 917 2432 T
934 2371 998 2434 553

418 2471 511 2540 πυρὸν
530 2477 739 2544 ἐρεπτομένους
759 2473 863 2525 πύελον
882 2473 972 2543 urion,
992 2463 1035 2541 ἧχι
1055 2475 1147 2546 πάρος
1167 2492 1220 2546 περ

221 2578 317 2638 quam
341 2560 413 2624 aliis
436 2558 623 2624 auctoribus
646 2558 761 2623 Nauck
784 2559 1032 2626 commendavit.

307 2663 404 2727 Vocis
442 2661 550 2746 Ἀίδης
587 2680 773 2725 mensuram
811 2661 984 2742 ancipitem
1023 2664 1187 2745 explicare
1224 2665 1355 2747 nescio;
1399 2695 1417 2729 α

219 2773 337 2830 natura
367 2766 502 2848 produci
531 2770 566 2829 et
587 2764 776 2828 Semonides
800 2764 897 2829 docet
919 2766 1034 2850 (supra
1057 2787 1088 2848 p.
1117 2769 1192 2832 511.
1221 2770 1253 2852 1)
1278 2774 1314 2833 et
1336 2788 1416 2834 com·

218 2871 359 2949 probant
381 2870 483 2934 Attici
506 2869 552 2954 (p.
569 2870 635 2955 61).
672 2868 765 2935 'ssid-
790 2888 861 2934 cum
884 2869 1156 2952 Wackernagelio
1178 2869 1261 2954 (KZ.
1287 2871 1416 2936 XXl'll

220 2973 297 3055 277)
321 2992 362 3037 ex
387 2975 508 3055 Ἀῖμδ-
537 2992 578 3037 ne
605 2979 808 3053 repetamus,
841 2971 1010 3037 dissuadet
1041 2991 1118 3037 usus
1142 2973 1277 3039 Homeri
1309 2975 1416 3055 quiin

218 3075 460 3141 hoc'vocabulo
484 3096 504 3141 a
527 3075 731 3157 correptione
762 3075 884 3141 vocalis
908 3075 1036 3140 minime
1061 3076 1227 3155 abhorret,
1258 3096 1332 3143 cum
1357 3080 1420 3143 αἰεί

221 3175 326 3242 αι’σαω
349 3177 398 3263 (<
422 3178 593 3263 *alsium
616 3179 686 3244 fere
708 3178 834 3243 intacta
858 3177 1058 3259 servaverit;
1087 3196 1162 3242 nam
1185 3185 1344 3258 quattuor
1366 3181 1417 3261 qui

220 3283 414 3363 obstrepunt
447 3283 509 3347 loci
542 3282 575 3347 in
609 3287 705 3347 tanta
738 3281 923 3361 frequentia
957 3281 1014 3347 vix
1047 3281 1080 3345 in
1115 3301 1248 3346 censum
1283 3285 1417 3351 veniunt

219 3405 324 3467 neque
347 3386 506 3452 immerito
537 3387 728 3451 incusantur
762 3384 978 3465 corruptelae.
1025 3385 1162 3449 Accedit
1191 3387 1278 3465 quod
1313 3389 1416 3453 adhuc

219 3490 347 3571 quidem
371 3491 506 3573 *Alfad-
529 3492 651 3556 nullum
675 3489 807 3555 admisit
830 3486 1026 3567 explicatum
1049 3488 1291 3575 probabilem.¹)
1326 3492 1417 3556 Licet

219 3593 361 3660 fortasse
385 3599 534 3660 veterum
558 3590 788 3674 etymologiam
811 3588 859 3674 (ἐν
886 3588 997 3655 Ἅιδου
1022 3627 1061 3635 -
1087 3589 1122 3655 τὸ
1147 3590 1251 3668 dedic
1276 3592 1315 3679 δα)
1341 3596 1416 3679 λέγω

219 3698 305 3762 Plat.
328 3697 427 3779 Gorg.
451 3695 554 3762 493ss
578 3695 648 3759 coll.
666 3695 790 3777 Cratyl.
813 3696 877 3760 403
887 3695 931 3777 A)
953 3694 1001 3759 ite
1024 3695 1135 3775 tutari,
1160 3702 1197 3760 ut
1218 3696 1416 3777 primitivam

220 3801 356 3866 formam
380 3799 537 3881 ’Ἂν-μδ·-
559 3798 661 3863 fuisse
688 3797 890 3878 suspicemur
920 3796 976 3880 (cf.
1001 3797 1117 3878 lutoso
1146 3799 1288 3882 κιχάαμα
1319 3820 1416 3882 supra

104 3946 107 3951 .
219 3925 251 3985 p,
284 3905 371 3989 122),
422 3902 577 3986 '‘Ampri-
609 3934 641 3959 >
672 3901 803 3983 *Asftd-
838 3904 897 3965 aut
926 3931 959 3959 >
990 3898 1153 3985 *Admeti-
1194 3900 1249 3983 (cf.
1283 3904 1416 3988 αὐαάχας

220 4026 321 4088 supra
355 4027 386 4088 p.
417 4007 473 4092 65)
505 4011 563 4072 aut
579 4003 740 4090 ²A(s)ad-.
788 4006 909 4086 Ἀ-μδ-
945 4005 1031 4084 quod
1064 4005 1158 4069 iuxta
1191 4004 1352 4090 ”Ao-fad-
1386 4009 1415 4073 in

219 4128 280 4175 usu
310 4116 382 4175 erat
412 4112 544 4176 brevem
574 4109 731 4174 initialem
761 4108 944 4188 adsumpsit
978 4127 1018 4173 ex
1049 4108 1200 4191 analogia
1235 4117 1414 4177 ceterorum

221 4231 398 4293 quaecum
423 4221 442 4277 ἄ
469 4217 645 4300 euperem]
667 4213 716 4277 ita
746 4212 924 4293 composita
948 4217 1043 4276 erant
1065 4217 1103 4276 ut
1132 4214 1279 4278 vocalem
1310 4216 1414 4297 priva-

219 4315 322 4382 tivam
345 4316 410 4381 alia
434 4316 599 4397 exciperet
623 4335 765 4380 consona
788 4322 888 4396 atque
904 4339 936 4399 f.

292 4454 310 4520 ¹)
330 4423 426 4519 Unger
443 4453 540 4505 Philol.
555 4454 645 4506 XXIV
665 4459 713 4505 381
734 4454 873 4508 refutatur
891 4455 933 4508 rel
951 4455 1022 4508 vocis
1039 4457 1109 4519 (Ἅας
1127 4457 1220 4523 masc.)
1241 4457 1412 4513 formatione
