2940 5026
568 205 783 272 ..21-

70 420 127 467 ore
150 398 272 481 petitu,
296 398 354 462 sed
377 416 398 462 a
421 395 527 478 poetis
558 414 599 461 er
629 395 781 479 analogia
813 395 951 460 aliarum
981 394 1159 460 formarum
1189 413 1273 476 qnae

69 503 310 588 diphthongum
332 501 499 566 habebant
521 503 643 566 natura
669 499 801 565 insitam
829 498 936 583 (velut
959 496 1114 585 τετευχώς
1135 528 1158 581 μ
1182 500 1272 586 423),

69 615 107 676 ut
129 606 244 676 versui
267 604 375 687 aptari
397 609 542 687 possent,
567 604 741 670 artificiose
768 604 846 670 ficta
869 623 943 670 esse
965 605 1136 687 Kruegero
1160 604 1272 689 (Diall.

68 715 135 782 ind.
153 713 245 780 verb.
270 730 296 777 s.
314 709 429 795 πτύχα)
451 711 609 776 concedet
630 709 813 792 quicunque
837 709 925 791 apud
941 710 1120 775 Homerum
1144 709 1273 787 τέτυξαι

69 820 221 885 τέτυκται
245 815 404 901 τετύγμην
428 814 557 880 τέτυκτο
582 816 710 892 ἐτέτυξο
735 815 924 899 τετυγμένος
948 813 1139 895 saepissime
1162 833 1272 883 occur·

67 943 144 990 rere
169 961 209 969 —
235 928 273 986 ut
293 920 382 987 locos
405 919 447 1004 ad
470 918 733 1000 persuadendum
756 917 896 984 maxime
918 918 1054 984 idoneos
1077 917 1195 1001 eligam

332 1027 366 1095 Ξ
387 1028 430 1091 53
455 1024 664 1109 refrixerat:
689 1028 719 1088 9.
744 1027 786 1090 66
811 1026 1002 1110 τετυγμένον

335 1131 366 1201 Ξ
389 1131 453 1196 220
477 1128 685 1214 τετεέχαταιῑ
711 1131 783 1194 216.
810 1131 873 1194 246
897 1132 1028 1196 τέτυκτο

334 1240 363 1299 Σ
384 1238 449 1301 574
473 1234 665 1320 τετεύχατοῑ
690 1237 754 1300 549
779 1235 910 1300 τέτυκτο

333 1347 349 1418 ’ξ
376 1343 437 1406 138
461 1340 671 1425 estsexam:
697 1342 761 1406 234
785 1339 946 1424 τετύγμην

240 1490 242 1493 v
335 1473 353 1510 τ
374 1446 439 1512 563
464 1445 668 1530 surrogatur:
692 1445 757 1512 595
782 1445 927 1510 τέτυκται
955 1482 994 1490 -
1023 1443 1083 1508 sed
1105 1461 1271 1524 nunquam

78 1552 220 1627 αέιεαξαι
257 1549 359 1634 (quod
397 1554 542 1616 erratum
576 1549 677 1616 habet
710 1550 780 1614 cod.
816 1549 905 1631 Lips.
941 1553 975 1613 ll
1010 1546 1089 1631 622)
1125 1547 1271 1625 ἑτὲτεαξα

74 1654 198 1739 (Quint.
221 1653 350 1737 smyrn.
374 1654 403 1718 V
426 1654 506 1740 558)
530 1661 589 1721 aut
611 1653 715 1720 simile
738 1654 816 1734 quid
838 1653 904 1736 legi
923 1672 1032 1719 secum
1055 1653 1270 1734 reputaverit.

70 1757 154 1824 Fick
184 1757 242 1841 (ad
265 1765 281 1835 ’ξ
307 1760 369 1823 138
392 1778 423 1840 p.
450 1761 529 1840 1893
561 1759 604 1842 all
627 1765 649 1840 β
671 1759 712 1824 ii?
736 1778 767 1840 p.
794 1757 872 1843 272)
905 1757 1101 1842 τετῦχχοται
1129 1758 1270 1824 scriben-

69 1863 147 1928 dum
171 1867 301 1945 censet,
333 1862 569 1929 recentioribus
600 1864 728 1929 demum
755 1882 892 1945 quorum
916 1881 1018 1944 opera
1038 1862 1272 1945 intempestiva

69 1972 190 2049 poetae
214 1967 360 2033 carmina
386 1967 509 2050 passim
537 1969 830 2051 corrumpebantur
860 1968 1042 2034 concedens
1072 1968 1159 2048 quod
1183 1967 1270 2048 equi-

69 2072 144 2138 dem
167 2089 302 2137 causam
324 2091 389 2138 non
412 2071 508 2138 video
532 2091 590 2138 cur
605 2090 669 2138 non
692 2072 781 2154 ipsos
797 2077 913 2153 poetas
936 2071 997 2137 sibi
1013 2077 1116 2137 metro
1141 2076 1272 2137 coactos

69 2177 247 2245 indulsisse
271 2177 393 2259 opiner.

159 2278 362 2348 Μακεδόνων
413 2283 552 2350 nominis
605 2302 701 2349 casus
754 2282 900 2373 pbliquos
953 2300 1069 2351 versus
1121 2280 1271 2347 heroicus

69 2386 214 2469 respuit;
260 2389 452 2453 Μακεδονία
494 2387 600 2469 poetis
646 2406 688 2453 ue
732 2393 858 2455 rectum
903 2386 1033 2467 quidem
1078 2385 1271 2450 commodat.

70 2492 289 2576 Quamobrem
325 2490 542 2574 confugerunt
574 2491 616 2556 ad
651 2491 836 2574 analogiam
867 2509 983 2557 vocum
1013 2489 1046 2555 in
1077 2488 1182 2576 -ηδιόν
1216 2507 1270 2553 er-

70 2595 272 2664 currentillm
295 2596 388 2662 velut
410 2594 555 2682 ἀλγηδών
577 2596 717 2681 κλεηδών
734 2594 918 2681 Καλχηδών
938 2594 1105 2681 Ἀνθηδών
1128 2599 1163 2659 ei
1183 2592 1272 2658 illinc

69 2701 170 2784 longa
206 2701 312 2768 vocali
346 2701 389 2767 ad
426 2699 642 2766 Macedonum
676 2719 793 2765 nomen
830 2699 994 2766 translata
1027 2698 1149 2765 formas
1186 2698 1273 2764 inter

70 2824 107 2872 se
129 2805 195 2871 iam
218 2809 338 2872 natura
361 2805 483 2873 similes
512 2807 573 2871 hoc
603 2805 740 2871 artificio
770 2806 857 2886 quod
885 2803 1065 2871 necessitas
1093 2805 1273 2870 excusabat

71 2910 171 2976 etiam
202 2910 373 2977 similiores
400 2909 624 2977 reddiderunt.
671 2909 918 2976 Recentioribus
942 2908 1084 2991 praeivit
1108 2908 1272 2975 Hesiodus

70 3015 222 3100 ααταλόγ.
247 3013 286 3079 ir.
304 3016 346 3080 25
362 3013 419 3079 Rn.
444 3013 481 3097 (=
503 3013 542 3078 fr.
562 3016 582 3078 6
605 3013 768 3078 Marksch.
793 3031 889 3093 quem
913 3033 943 3080 v.
969 3014 1011 3078 ad
1034 3013 1153 3099 locum)
1177 3032 1272 3094 quem

69 3122 169 3204 longo
199 3120 375 3188 intervallo
406 3118 554 3200 sequitur
584 3118 819 3184 Archestratus
849 3117 888 3183 fr.
913 3119 972 3199 25,
1004 3123 1024 3182 3
1053 3119 1107 3183 Br.
1140 3116 1271 3201 (Kaibel

69 3230 146 3307 553,
169 3226 215 3312 4).
263 3227 302 3292 lu
324 3226 385 3291 hoc
407 3224 537 3291 nomine
565 3229 683 3306 poetae
713 3222 792 3289 nihil
824 3222 911 3289 alind
943 3222 1145 3288 admiserunt
1175 3242 1271 3303 quam

70 3329 159 3412 quod
189 3329 311 3412 passim
340 3328 412 3411 ipse
446 3327 605 3395 sermonis
635 3327 806 3394 cottidiani
834 3347 912 3394 usus
936 3333 1035 3408 atque
1059 3327 1270 3394 cousuetudo.

70 3437 101 3502 A
131 3434 252 3519 χάρῐτ-
284 3433 455 3500 derivatur
484 3429 658 3517 χαρίσιον,
694 3433 735 3498 ab
763 3432 939 3514 ’Ἀρτεμῐτ-
972 3429 1196 3515 {acceptiorem
1230 3433 1271 3497 ab

69 3537 254 3626 Ἀφροδίτη
293 3542 402 3605 autem
440 3535 672 3624 Ἀφροδίσιον,
708 3537 760 3603 cui
794 3536 913 3603 Graeci
946 3536 1003 3613 illa
1037 3536 1272 3602 adsimulantes

69 3643 249 3728 legitimam
265 3643 485 3725 quantitatem
500 3643 767 3710 immutaverunt.
797 3638 957 3741 popuuog¹
968 3641 1090 3725 legitur
1105 3640 1271 3722 Aristoph.

69 3746 166 3830 frgm.
199 3747 262 3812 202
297 3746 314 3810 Ι
347 3747 422 3811 442.
462 3745 580 3811 Eubul.
612 3745 706 3828 lrgnr.
739 3747 758 3810 2
793 3745 829 3811 Π
865 3747 899 3826 1,
941 3745 1053 3812 165Κ.
1092 3746 1273 3829 Χαρείσιας

71 3851 192 3934 (μου)
227 3848 346 3915 Kaibel
376 3849 457 3929 995,
488 3852 515 3913 l.
560 3846 768 3931 Ἀρτεμίσιον
801 3847 923 3914 dixisse
960 3847 1092 3914 videtur
1122 3847 1272 3930 Diphilus

69 3955 312 4039 frgm.12‹lll
346 3958 381 4034 1,
412 3955 474 4019 577
511 3953 553 4019 ad
588 3970 683 4033 quem
713 3953 819 4020 locum
843 3973 873 4020 v.
906 3952 1057 4020 Meineke
1088 3972 1200 4020 comm.
1225 3954 1272 4020 IV

69 4061 132 4126 422
158 4078 207 4140 sq.
231 4059 286 4140 qui
310 4057 523 4124 erectissime
547 4057 734 4140 explicavit.
780 4057 971 4141 Ἀρτεμίσιά
1005 4060 1062 4124 Ar.
1088 4060 1147 4124 Th.
1178 4061 1271 4126 1200.

158 4162 367 4230 Adiectivum
401 4181 462 4243 ope
497 4160 602 4227 suffixi
634 4187 699 4238 -ιος
730 4182 751 4227 a
780 4163 879 4247 γέλως
913 4162 1047 4229 ductum
1080 4191 1095 4228 o
1127 4164 1273 4233 vocalem

69 4268 301 4354 corripuisse¹)
325 4268 421 4334 docet
443 4272 511 4333 att.¹
527 4275 649 4352 γελοῖος
672 4273 787 4346 natum
811 4287 828 4332 e
851 4275 991 4352 γελοῖος,
1016 4288 1112 4349 quam
1136 4269 1273 4336 formam

74 4381 84 4386 -
123 4376 281 4385 ...μ-

88 4379 118 4385 ’
145 4407 165 4474 q
181 4405 243 4460 uon
262 4401 391 4460 audiendi
409 4412 474 4458 ααι
493 4402 605 4458 coruus
624 4404 653 4458 c.
673 4401 750 4458 solo.
769 4402 796 4456 11
819 4409 875 4457 ιοα.
907 4402 1040 4472 uangou
1065 4403 1130 4459 ilio.
1155 4405 1192 4459 m
1211 4411 1272 4461 roa

70 4496 103 4548 G.
123 4493 219 4562 Meyer
237 4490 293 4546 KZ.
315 4489 393 4543 Xllll
413 4495 472 4543 495.
496 4489 543 4543 Gr.
557 4489 645 4560 Gr.¹§
660 4495 708 4544 let
728 4488 791 4547 adn.
812 4490 910 4546 Hartel
929 4490 1008 4545 Hom.
1028 4490 1104 4545 Stud.
1125 4491 1165 4544 111
1185 4498 1218 4544 lt
1239 4490 1273 4546 de
1343 4548 1350 4555 ,
