2940 5026
572 235 766 298 ..9-

70 422 266 506 quantitatis
304 429 381 489 snut
422 430 481 489 aut
518 422 657 505 denique
700 425 894 492 obscurioris
937 422 1160 508 crrighrationis
1199 422 1268 488 sive

69 526 347 594 conformationis.
394 528 547 595 Breviter
576 531 753 595 recensebo
784 530 950 611 exempla,
983 528 1135 610 sepositis
1159 533 1268 593 tamen

69 651 157 716 quae
180 636 296 714 aperte
320 632 473 699 aliorsum
497 638 663 715 spectent,
696 633 787 698 velut
809 652 894 713 quae
916 634 978 698 huc
1001 633 1108 698 relata
1131 633 1226 698 video
1250 651 1270 696 o

68 738 244 820 anegero
279 742 314 802 et
347 737 533 804 Duentzero
568 738 714 815 (Homer.
750 738 911 804 Ahhandl.
944 739 1023 821 349)
1062 737 1153 822 ὅρνις
1184 737 1269 816 quod

69 847 123 907 est
143 840 177 907 in
193 839 437 906 similitudmem
460 846 642 908 ceterorum
662 843 836 919 nominum,
860 862 944 923 quae
960 842 1074 908 suffixo
1099 841 1145 918 -ἶς
1160 840 1267 906 termi-

69 954 193 1014 nantur
216 963 322 1027 paene
346 946 454 1013 omnia
475 947 508 1012 in
531 949 665 1013 breuem
686 947 845 1030 syllabam
874 947 1066 1028 desinentia,
1090 947 1268 1023 redactum,

69 1052 229 1128 ἀέλλοιιος
258 1050 291 1115 ln
326 1069 390 1130 quo
413 1052 591 1132 composito
614 1051 761 1134 legitima
787 1051 979 1118 nominativi
1003 1051 1079 1128 πούς
1103 1049 1270 1131 quantitas

69 1161 214 1222 aetatem
239 1154 331 1236 tulit,
364 1152 432 1232 υἱός
455 1155 496 1220 de
519 1175 582 1236 quo
606 1157 707 1222 verba
738 1155 799 1221 ieci
815 1157 1036 1221 Commentat.
1062 1155 1212 1237 philolog.
1237 1153 1269 1218 in

68 1262 225 1327 honorem
272 1257 417 1324 sodalicii
460 1259 694 1341 philologorum
740 1260 1052 1343 gryphiswaldensis
1091 1259 1267 1325 secundum

70 1366 211 1430 lustrum
234 1360 405 1428 condentis
428 1381 458 1443 p.
483 1364 526 1427 20
548 1381 617 1443 sqq.
627 1363 652 1447 1)
1150 1389 1154 1393 -

166 1465 415 1552 porvrxosoooa
446 1466 630 1532 choriambo
660 1467 804 1550 incipere
829 1496 839 1533 ι
863 1469 957 1535 metri
988 1487 1089 1535 causa
1118 1475 1268 1551 correpto
1342 1536 1343 1541 ,

78 1570 251 1652 opinantur
272 1569 424 1651 Krueger
447 1568 558 1653 (Diali.
583 1570 647 1657 §2
666 1575 694 1650 l,
712 1572 747 1657 5)
770 1579 806 1638 et
821 1572 988 1639 Duentzer
1010 1573 1131 1656 (Jahns
1154 1573 1268 1640 Jahrb.

75 1676 127 1755 95,
151 1675 245 1758 355);
277 1673 333 1740 alii
363 1691 500 1755 quorum
529 1678 725 1743 sententiam
756 1678 819 1743 iam
851 1678 1017 1744 (liminum
1046 1679 1164 1745 tuitum
1197 1694 1270 1742 esse

72 1778 203 1847 invenio
234 1778 355 1845 rectius
386 1783 541 1860 quattuor
575 1780 709 1862 syllabis
741 1780 894 1859 efferunt,
927 1783 1094 1857 vocalibus
1120 1810 1135 1847 o
1160 1808 1173 1845 ε
1196 1796 1269 1862 pro·

70 1883 278 1950 nuntiatione
301 1883 495 1965 constrictis,
519 1884 605 1966 qnod
628 1884 713 1951 idem
737 1886 858 1952 factum
882 1905 955 1952 esse
977 1886 1010 1952 in
1034 1888 1270 1970 epigrammate
1382 1932 1386 1939 -

72 1984 191 2053 Kaibel
225 2005 274 2052 nr.
308 1988 387 2069 120,
418 1990 438 2051 3
474 1985 670 2074 ὀγδοήκοντα
702 1991 870 2057 Merzdorf
901 1990 949 2074 (C.
975 1992 1065 2057 Strrd.
1091 1991 1175 2057 VIII
1206 1993 1268 2056 214

71 2095 139 2157 not.
162 2091 221 2176 49)
245 2090 426 2159 adnotavit.

159 2192 358 2280 πλημμΰρωε
394 2201 578 2283 ηλημμυρι’ς
613 2227 624 2263 ι
657 2203 722 2266 486
764 2201 869 2282 Apoll.
902 2201 1006 2266 Rhod.
1038 2201 1084 2265 IV
1132 2204 1213 2266 1269
1248 2230 1269 2254 =

72 2298 180 2381 σΰρωτ
215 2297 376 2385 acapna&
421 2300 591 2388 αὖλητρίςε
615 2300 771 2390 cabritum
802 2333 824 2358 =
856 2306 1054 2390 nlqpcpbpe'g:
1079 2304 1268 2389 nlrjprpirpjo

70 2405 91 2470 i.
116 2424 144 2471 e.
168 2423 288 2487 graece
321 2405 507 2492 πλήμμῡρα.
554 2406 726 2490 Cisupra
755 2429 786 2490 p.
810 2413 831 2473 ὁ
855 2410 896 2475 de
920 2407 1097 2492 ὀρσόθῦρα.
1145 2407 1267 2472 Postea

71 2528 113 2575 ex
145 2508 321 2596 πλήμμῡρα
353 2540 370 2575 v
399 2509 531 2594 longum
573 2513 615 2579 ad
648 2517 833 2599 πλημμῡρίς
863 2513 1059 2579 translatum
1090 2519 1157 2592 est,
1184 2512 1268 2578 unde

72 2612 181 2680 evasit
203 2612 385 2681 Atticorum
410 2619 592 2701 πλημμῦρίς
624 2618 739 2683 Aesch.
772 2617 1050 2700 Choephor.178.
1086 2616 1165 2682 Eur.
1197 2617 1267 2681 Alc.

74 2720 147 2783 184.
185 2719 293 2802 Apoll.
316 2721 421 2787 Rhod.
450 2722 484 2788 Π
507 2725 580 2789 576.
616 2724 663 2788 IV
689 2726 781 2788 1241.
829 2721 983 2789 Servavit
1008 2721 1124 2804 igitur,
1150 2729 1188 2785 ut
1208 2739 1270 2802 por

72 2828 134 2902 est,
157 2822 320 2891 Homerus
343 2826 559 2907 quantitatem
583 2828 797 2909 primitivam,
830 2847 850 2891 a
873 2845 937 2906 qua
960 2825 1062 2891 Attici
1085 2824 1268 2908 analogiam

71 2923 197 2993 immae
230 2934 391 3011 cognatae
426 2930 528 2996 secuti
563 2930 775 2999 deflexerunt.
823 2932 895 2997 Hac
927 2931 1054 2997 ratione
1086 2932 1269 3016 πλημμῦρίς

72 3031 167 3111 quasi
196 3051 262 3098 vox
292 3030 419 3098 hibrida
448 3032 539 3099 iacta
568 3040 635 3112 est,
670 3039 801 3103 retenta
831 3036 966 3102 alterius
1004 3034 1128 3100 formae
1158 3034 1268 3100 termi-

70 3134 222 3225 natione,
268 3135 395 3202 adscita
432 3137 568 3203 alterius
606 3139 711 3204 vocali
749 3141 856 3222 longa.
911 3139 958 3206 (li.
997 3158 1081 3220 quae
1119 3139 1270 3221 legentur

71 3258 143 3322 cap.
168 3239 216 3306 IV
240 3240 281 3306 de
305 3241 404 3307 πέλλα
430 3246 545 3319 uallis

161 3345 308 3431 ἰόμωρος
339 3346 367 3413 si
389 3366 425 3412 re
452 3366 533 3414 vera
563 3348 605 3413 ad
636 3348 779 3430 sagittae
809 3367 925 3415 nomen
953 3347 1006 3426 ’ὶὸς
1037 3348 1143 3432 (form.
1176 3349 1267 3429 prim.
1342 3414 1346 3421 .

72 3447 195 3515 *muesz
219 3454 296 3516 scrt.
312 3448 404 3516 miris
418 3481 441 3506 =
457 3456 577 3540 πρᾷοςε
602 3453 716 3534 πραΰς)
739 3453 891 3535 pertinet,
915 3454 947 3520 id
972 3455 1057 3535 quod
1074 3473 1135 3535 ogo
1159 3458 1268 3519 tamen

144 3712 165 3779 ¹)
186 3711 311 3768 Nominis
335 3711 497 3782 Λῐσσχΰλου
526 3728 655 3768 mensura
677 3730 759 3782 quam
784 3713 800 3767 l.
827 3713 845 3766 l.
877 3729 903 3780 p.
929 3718 962 3767 13
990 3711 1142 3767 Usenerum
1169 3713 1269 3780 (Altgr.

70 3801 228 3856 Vorslsunst
240 3803 274 3854 80
286 3800 356 3868 sqq.)
374 3807 484 3856 secutus
503 3801 594 3855 versui
606 3801 682 3856 tituli
703 3800 763 3856 clu
777 3803 788 3855 l
803 3806 854 3855 398
867 3799 980 3855 adhibui
992 3799 1149 3854 confirmari
1161 3799 1270 3854 videtur

71 3889 157 3944 otiam
175 3888 354 3957 inscriptione
372 3888 462 3944 ionica
485 3888 598 3944 Bcchtal
623 3889 727 3944 Inschr.
748 3889 773 3945 d.
790 3888 846 3958 jon.
866 3889 931 3945 dial.
951 3905 991 3944 ur.
1011 3894 1062 3943 2³4
1081 3889 1127 3943 ubi
1145 3888 1189 3955 (lt.
1208 3906 1225 3943 a
1245 3889 1271 3957 6)

71 3975 205 4045 Cyriacus
230 3973 420 4029 Anconitanus
447 3973 531 4029 habet
558 3979 754 4032 ΑΙΣΧΙΜΟΥ
774 3976 790 4029 i.
815 3994 837 4031 e.
862 3978 1097 4031 ΑΙΣΧΥΛΛΟΥ
1118 3977 1269 4044 (Αἰσχύλου

70 4061 204 4129 Bcchtel).
225 4091 255 4101 -
276 4062 353 4116 Inter
371 4062 499 4130 exempla
522 4078 592 4131 quae
618 4065 666 4124 ὑός
693 4085 701 4116 ι
727 4061 815 4117 vocali
840 4063 952 4131 dempta
978 4060 1026 4116 sed
1051 4061 1159 4132 syllaba
1177 4064 1269 4130 priore

70 4156 142 4205 toste
165 4163 244 4204 versu
270 4148 405 4217 producta
432 4148 564 4205 exhibant
583 4150 630 4204 l.l
657 4168 684 4219 p.
704 4157 736 4204 tl
757 4169 795 4221 sq.
822 4160 984 4206 enumerata
1010 4151 1146 4206 immerito
1176 4149 1270 4204 rettuli

70 4236 171 4293 Kaibol
191 4251 232 4291 nr.
252 4242 301 4291 221
322 4242 365 4300 (τι
384 4237 500 4293 Bechtal
518 4238 622 4294 Inschr.
643 4238 690 4292 das
708 4240 763 4293 ion.
783 4237 899 4292 dialects
918 4255 959 4291 nr.
979 4244 1020 4303 ab,
1048 4237 1094 4292 ubi
1113 4255 1136 4290 v.
1155 4236 1268 4290 editoris

71 4335 166 4380 notam
188 4323 333 4389 criticam).
369 4323 500 4381 Defectus
527 4335 721 4396 compensatur
747 4324 870 4381 uersibus
897 4327 989 4380 citans
1017 4324 1052 4378 ab
1080 4324 1189 4379 Allsnio
1215 4324 1231 4376 l.
1252 4323 1268 4375 l.

70 4427 96 4479 p.
118 4415 158 4477 la,
177 4410 224 4479 qui
241 4423 293 4477 pro
312 4412 499 4466 commentarii
518 4413 560 4466 soi
578 4413 691 4468 consilio
711 4411 802 4468 omisit
820 4412 920 4468 IIaibel
939 4428 978 4466 ur.
999 4416 1059 4485 201,
1078 4416 1102 4463 3.
1122 4416 1181 4477 lla,
1201 4418 1224 4468 8.

142 4497 164 4564 ¹)
184 4494 315 4571 ἱξεσῦρην
334 4499 389 4554 ΑΡ.
408 4498 448 4553 lx
468 4504 509 4566 bc,
529 4506 552 4552 5.
