2956 5018
703 226 938 289 „466-

222 423 291 480 θον.
338 365 442 479 Locos
474 414 564 480 dabit
593 415 703 478 Ruaoh
731 413 823 478 Stud.
851 432 909 478 zur
932 413 1078 476 Technilr
1101 412 1132 476 d.
1156 412 1328 477 nachhom.
1351 412 1412 476 her.

222 520 314 584 Vers.
333 522 396 584 762
410 537 480 598 sqq.
504 518 549 601 (p.
574 519 637 582 808
661 517 798 581 omissus
822 522 873 580 est
895 535 1011 582 versus
1034 516 1202 597 Antipatri
1226 515 1412 580 Thessalon.

222 624 290 687 ΑΡ.
314 623 380 687 VII
402 623 476 702 409,
500 622 522 684 4
545 619 702 704 ἔλλαχες).
733 647 752 682 o
775 622 839 684 362
863 618 901 703 (κ
927 647 944 702 ρ
969 621 1047 703 226)

397 727 456 776 dll'
475 728 537 777 ἐπεὶ
559 720 611 775 οὖν
631 723 661 787 dl
677 729 767 791 sappo
786 721 849 775 κάκ’
869 726 1010 790 ἔμμαθες,
1030 726 1080 775 οὐκ
1101 725 1245 788 ἐθελήσεις

222 814 323 880 verba
345 811 413 876 κάκ’
438 812 582 892 ἔμμαθες
612 815 701 873 recte
732 809 842 872 aedem
873 813 1000 873 mutare
1030 808 1126 873 iussit
1148 809 1280 873 Nauck:
1315 810 1414 890 μάθις

221 917 312 981 κακά.
359 915 407 979 Cf.
431 940 450 999 y
475 917 545 979 113.
573 916 633 977 116
658 912 805 992 πάθομεν
826 908 962 995 (πάθον)
986 909 1076 975 κακά.

309 1021 511 1102 Quamquam
542 1017 597 1083 vix
627 1021 733 1081 metus
757 1020 808 1079 est
829 1034 870 1078 ue
900 1033 994 1094 quem
1017 1034 1122 1094 prava
1145 1013 1341 1078 Kohilinskii
1364 1015 1415 1098 (de

222 1131 310 1191 ΑΙΥ
337 1143 406 1192 voc.
433 1125 472 1187 13
496 1121 559 1206 sq.)
591 1122 632 1185 de
661 1119 753 1187 verbi
784 1118 904 1184 ὶλὰσκω
934 1137 1086 1183 mensura
1114 1117 1281 1181 homerica
1312 1117 1415 1198 opinio

220 1228 254 1292 in
278 1246 420 1292 errorem
443 1225 564 1304 trahat,
573 1224 598 1309 ¹)
626 1228 736 1288 tamen
767 1223 842 1302 quia
870 1221 1037 1301 aliquanto
1067 1219 1188 1284 rectius
1219 1220 1260 1284 de
1291 1221 1354 1285 hac
1382 1240 1416 1286 re

222 1351 318 1412 quam
353 1329 459 1394 adhuc
495 1328 650 1392 factumst
682 1326 827 1391 indicare
865 1325 942 1390 mihi
975 1324 1089 1391 videor
1125 1343 1231 1404 pauca
1265 1326 1417 1391 addenda

220 1435 345 1516 putavi.
390 1434 484 1497 Inter
503 1430 628 1496 ἵλαακω
651 1428 774 1514 (ἵληῙος
793 1428 885 1506 iidoc
913 1407 1144 1513 θθοΙ..ὶλ.1αος)
1175 1433 1209 1491 et
1235 1428 1417 1508 perfectum

221 1538 379 1603 aeolicum
422 1539 536 1602 ὲλλαθι
577 1536 714 1600 eandem
755 1534 915 1599 rationem
951 1532 1154 1597 intercedere
1196 1551 1295 1610 quam
1333 1533 1418 1597 inter

221 1642 351 1706 lordono
385 1647 419 1705 et
453 1639 585 1705 ἑστάναι
618 1639 741 1721 primus
771 1636 933 1702 intellexit
966 1634 1117 1701 Froehde
1151 1635 1220 1699 BB.
1255 1635 1308 1699 IX
1347 1639 1416 1701 119.

220 1743 364 1808 Perfecti
397 1742 509 1807 formis
542 1741 713 1807 homericis
744 1745 833 1827 ἵληθι
867 1740 986 1825 (ἵλῐιθι)
1018 1739 1151 1828 ἱλήκῃσι
1179 1739 1290 1824 ’ἱλήκοι
1325 1740 1416 1820 diph-

220 1849 360 1929 thongus
383 1847 539 1929 denegari
562 1865 626 1911 uon
649 1847 786 1927 poterit:
827 1848 934 1911 εὶλιιθι
965 1847 1041 1929 (scr.
1067 1845 1198 1928 εἵλαθι)·
1230 1845 1256 1907 αι’
1283 1847 1417 1921 Αἰολεῖς

218 1950 280 2037 γὰρ
316 1954 429 2016 ἔλλαθι
463 1952 610 2034 λέγουσιν
639 1950 853 2014 ChOerobOSe.
884 1951 954 2014 BA.
987 1952 1087 2030 1366,
1124 1951 1238 2036 εὶλῇσιῖ
1273 1953 1366 2025 ἵλεως
1396 1941 1416 2035 ᾗ

219 2054 353 2140 (codicis
383 2054 577 2135 scripturam
606 2057 692 2139 εἰλῆς
721 2050 757 2118 εἰ·
783 2057 873 2130 ἵλεως
898 2050 928 2117 εἰ
956 2072 1015 2117 em.
1039 2053 1082 2115 M.
1107 2051 1284 2135 Schmidt),
1311 2053 1417 2136 εὶληθι

219 2157 295 2242 (scr.
320 2161 403 2246 εἳλ.)·
436 2164 526 2237 ἵλεως
549 2163 637 2245 γίνου
660 2161 749 2240 Hes,
781 2160 899 2224 Kaibel
928 2179 977 2224 nr.
1003 2161 1065 2223 818
1097 2157 1167 2242 (qui
1195 2158 1313 2222 titulus
1344 2159 1417 2223 aliis

216 2261 377 2327 iotacismi
392 2263 480 2330 vitiis
496 2269 596 2344 caret,
613 2282 688 2328 nam
704 2283 735 2330 v.
751 2265 788 2328 17
809 2263 904 2327 lectio
921 2260 1087 2347 ambigua)
1104 2282 1134 2328 v.
1151 2264 1187 2326 11
1207 2261 1346 2346 εἱλὴκοις
1359 2262 1415 2347 (l),

221 2367 259 2429 19
295 2366 448 2452 εὶλήκαις,
484 2369 525 2430 22
561 2370 687 2446 εἵλαθι,·
728 2386 776 2430 nr.
812 2367 892 2446 835,
927 2370 942 2430 1
980 2369 1096 2432 allata
1147 2365 1242 2447 Quod
1277 2366 1417 2448 Simplex

217 2468 340 2534 vocalis
374 2474 501 2534 mature
530 2469 594 2534 iam
623 2469 757 2549 irrepsit
786 2468 918 2552 (Kaihel
949 2472 1022 2550 243,
1052 2472 1080 2533 7.
1113 2472 1185 2548 725,
1215 2471 1244 2532 7.
1279 2471 1353 2548 797,
1385 2474 1415 2535 ι’).

218 2574 291 2653 811,
320 2574 351 2635 4.
389 2573 482 2652 1024,
511 2573 530 2635 2
567 2574 674 2635 ἴλαθει
698 2607 760 2633 -oo
795 2568 877 2658 [sic].
914 2570 1028 2637 ilao'u·
1065 2574 1166 2658 ἱλαρῷ
1200 2571 1273 2659 ἱλέῳ
1308 2573 1415 2657 Hes),

217 2673 314 2753 periti
336 2693 401 2739 non
424 2673 636 2754 mirabuntur,
660 2674 692 2738 in
716 2675 777 2740 hoc
798 2675 992 2754 praesertim
1016 2677 1116 2741 verbo
1140 2675 1231 2739 cuius
1255 2694 1417 2755 praeseus

212 2776 337 2841 ladano
369 2798 434 2858 qua
457 2786 509 2845 est
531 2780 655 2862 origine
686 2780 919 2861 diphthongum
949 2785 1131 2845 aversatur.
1139 2777 1165 2862 ²)
1211 2779 1262 2843 Ab
1286 2778 1417 2844 ῒλάσκω

217 2880 387 2945 descendit
402 2883 543 2947 doristus
560 2883 700 2948 ἱλάσσαι
723 2891 758 2950 A
773 2886 847 2947 444.
871 2885 968 2968 7419
996 2881 1051 2965 (df.
1077 2882 1234 2946 dtdc‘oxm:
1258 2884 1415 2969 διδάξαι),

216 2983 275 3047 sed
297 2982 398 3048 fuisso
429 3004 499 3050 oum
523 2986 664 3052 aoristns
688 2987 784 3051 aliter
813 2985 919 3050 factus
941 2986 975 3050 iu
998 3005 1059 3051 usu
1090 2990 1179 3051 esset
1208 2985 1307 3051 docet
1328 2987 1416 3052 idem

216 3087 328 3151 Iliadis
358 3087 441 3152 liber
469 3088 499 3151 A
527 3090 581 3169 qui
611 3091 756 3157 vocalem
786 3089 937 3170 producit
964 3090 997 3154 in
1028 3090 1194 3170 praesenti
1231 3089 1415 3172 ῒλάσκομιιι

458 3193 546 3244 αὐτίκ’
567 3192 620 3262 ἐγὼ
640 3194 751 3264 πρῶτος
770 3195 892 3262 κελόμην
911 3191 981 3246 θεὸν
995 3193 1166 3247 *titilarentur
1364 3200 1415 3247 386

214 3275 248 3340 in
272 3276 392 3340 aoristo
415 3297 474 3357 pro
498 3277 632 3358 ancipiti
653 3280 753 3343 hahet

457 3380 533 3452 ῥέξαι
552 3382 625 3455 Ιὑπὲρ
645 3382 775 3445 Δαναῶν,
794 3381 860 3455 ὄφρ’
877 3381 1059 3450 ῒλασόμεσθα
1072 3383 1201 3450 scironia
1363 3390 1414 3436 tlt

457 3469 484 3523 ἐς
504 3467 628 3534 Χρύσην·
648 3467 710 3520 τότε
730 3472 779 3520 κέν
796 3487 849 3535 μιν
865 3464 1055 3536 ἶλασσαμενοι
1075 3472 1254 3535 πεπίθοιμεν
1365 3475 1415 3521 100

456 3550 522 3623 ὄφρ’
541 3552 609 3617 ἡμῖν
625 3553 783 3619 [εκάεργον
798 3549 930 3604 ildariam
949 3554 1011 3624 ἱερὰ
1032 3552 1112 3625 ῥέξας
1356 3560 1413 3608 147.

285 3690 307 3753 ¹)
326 3688 399 3742 Idem
420 3703 509 3743 maras
528 3690 649 3756 captavit
662 3704 749 3755 nugas
768 3697 798 3742 ut
816 3690 951 3759 syllabam
971 3693 1116 3758 ancipitem
1135 3691 1163 3745 in
1181 3691 1317 3746 vocabulo
1336 3687 1414 3762 ἷμιίς

213 3773 338 3829 eluderet
362 3778 397 3842 (p.
423 3781 455 3829 at
475 3783 532 3844 aa).
570 3776 607 3830 Et
632 3777 713 3843 longa
740 3776 842 3831 vocalia
869 3785 897 3831 et
924 3777 1012 3831 brevis
1040 3793 1125 3846 aeque
1152 3777 1257 3832 habeut
1284 3789 1360 3835 recte
1385 3781 1414 3834 in

213 3861 337 3928 nomine,
368 3879 450 3931 quam
481 3879 623 3917 mensurae
653 3862 860 3929 ambiguitatem
891 3881 945 3918 non
982 3864 1081 3919 cadere
1116 3866 1144 3919 iu
1175 3866 1413 3922 denominativum

210 3948 328 4019 ἵμιίσσω
359 3958 387 4005 et
415 3951 479 4004 inde
507 3952 659 4006 derivatum
685 3949 814 4020 ἶμιέσθλη
842 3951 953 4004 minime
983 3952 1081 4004 mirum
1112 3959 1160 4005 eat
1197 3951 1412 4020 Discrepantiac

212 4050 294 4088 causa
313 4036 365 4089 fuit
383 4037 460 4090 varia
478 4051 549 4103 quae
568 4035 717 4103 aliquando
737 4037 765 4089 in
784 4038 826 4092 hia
846 4038 933 4091 locum
952 4037 1074 4092 habehat
1092 4043 1221 4093 accentus
1240 4039 1353 4105 positio.

282 4123 303 4184 ²)
321 4122 516 4192 τρεισκαίδεκα
529 4136 693 4189 quamquam
708 4139 762 4176 non
783 4123 862 4176 modo
874 4124 969 4190 titulis,
988 4123 1036 4177 sed
1050 4126 1133 4179 etiam
1146 4124 1259 4193 papyris
1279 4127 1314 4192 (v.
1328 4127 1411 4181 Bam·

211 4200 279 4269 berg
306 4204 373 4259 zm.
397 4213 445 4274 28,
470 4214 508 4260 15.
540 4208 645 4261 Usener
671 4208 748 4275 Epio.
773 4209 806 4263 fr.
826 4216 857 4263 tl
879 4234 912 4252 =
932 4210 1034 4263 Koerte
1058 4209 1208 4265 Metrodor.
1228 4210 1263 4264 ir.
1285 4217 1327 4265 14.
1346 4228 1412 4280 pap.

211 4287 319 4343 Lourre
338 4298 380 4359 38,
399 4294 424 4360 4)
444 4309 534 4347 verum
555 4309 614 4347 esse
633 4296 782 4362 evincitur,
806 4304 898 4350 tannen
923 4298 1096 4364 grammatici
1116 4320 1125 4350 ι
1143 4296 1267 4351 vocalem
1285 4299 1411 4364 postula·

210 4383 307 4428 verunt
325 4377 483 4442 (Herodian.
496 4379 523 4432 II
541 4385 601 4446 430,
621 4381 692 4449 tlt),
711 4383 753 4434 cui
773 4382 882 4436 decreto
901 4383 964 4435 hinc
982 4381 1046 4437 inde
1064 4383 1258 4449 obtemperant
1276 4392 1306 4438 et
1324 4385 1411 4452 tituli,

210 4459 308 4514 Kaibel
327 4468 386 4528 247,
405 4470 430 4529 3,
448 4474 477 4517 et
496 4466 602 4534 papyri.
