2986 5010
585 166 821 261 -iue-

104 408 200 468 quem
223 389 371 453 imitatur
395 388 582 468 Euphorion
607 388 699 466 lrgm.
729 391 815 449 lilla
839 387 924 466 (ΒΑ.
942 388 1020 468 sin)
1044 390 1232 470 &persistam
1257 410 1300 454 sc.

104 491 288 578 ἀρότρῳ-1)
311 492 358 555 sic
380 491 465 555 euim
488 509 548 571 pro
571 489 693 554 madito
717 491 902 572 ἐνοσίχθονι
925 490 1011 568 quod
1034 490 1125 554 nihili
1148 496 1198 554 est
1223 493 1298 556 seri—

103 595 245 659 bendum
283 595 367 659 duco
404 594 652 676 grammaticum
690 592 745 671 qui
781 592 887 657 locum
925 594 1077 674 apposuit
1115 596 1300 675 corruptela

104 700 277 778 deceptum
300 706 403 760 ratus.
442 697 481 761 Iu
504 698 642 762 eandem
662 704 789 777 partem
814 698 941 777 accepit
964 697 1160 780 Lycophron
1183 717 1300 764 nornen

104 800 354 883 Erysichthonis
384 801 566 879 siquidem
588 809 678 865 recte
701 799 863 864 coniciunt
893 821 924 866 r.
952 804 1035 866 1396
1060 800 1171 867 ὀθνεῖα
1201 830 1298 886 yero-

102 912 242 987 μοῦντος
264 907 419 980 Achaim
441 904 476 986 (i.
501 923 530 968 e.
554 903 831 990 vaoi'glloao;)²)
860 911 966 992 πτερῷ
989 914 1118 986 poetam
1143 907 1300 972 vocabulo

104 1015 322 1092 yatopos‘rrrm
355 1009 451 1074 simul
488 1009 627 1074 nourinis
660 1016 792 1091 etymon
831 1008 930 1072 tacite
963 1008 1108 1073 iudicare
1146 1009 1299 1075 voluisse.

104 1114 377 1195 Erysichthonem
393 1133 488 1194 quem
505 1115 685 1199 Δημήτερα
708 1119 936 1198 βωλωομῆοω
954 1113 1088 1196 (Kiukel
1103 1113 1142 1178 fr.
1157 1133 1208 1194 ep.
1221 1134 1270 1195 gr.
1284 1115 1300 1179 I

105 1220 145 1281 rs
170 1218 209 1282 tr.
225 1220 280 1299 11)
301 1235 419 1282 nomen
434 1217 559 1281 indIcat
574 1236 593 1281 s
610 1217 729 1282 Cerere
745 1237 852 1297 poena
868 1217 952 1283 affici
968 1226 1222 1284 consentaneum
1238 1229 1299 1283 est.

190 1321 316 1386 Eadem
360 1321 454 1385 radix
492 1348 548 1403 ερν
585 1319 781 1405 (·όρύσσειν)
824 1322 964 1387 fortasse
1003 1324 1211 1404 agrioscenda
1249 1331 1299 1387 est

104 1455 122 1489 κ
140 1428 204 1490 elil?
220 1445 269 1504 sq.
294 1425 465 1508 φάρμακον
488 1427 521 1489 ἐκ
543 1427 637 1508 γαίης
660 1427 782 1507 ἐρύσας
806 1427 925 1491 colluto
949 1445 1048 1492 versu
1071 1430 1135 1491 3lh')
1158 1427 1277 1510 χαλινοὶ
1285 1455 1301 1490 ν

105 1534 140 1595 δέ
166 1532 191 1594 τ’
217 1529 385 1613 dadanus.-
410 1549 606 1610 quamquam
629 1531 689 1593 hoc
713 1531 871 1595 incertum
896 1549 968 1595 esse
991 1548 1055 1595 uon
1079 1531 1204 1612 ignoro.

191 1635 322 1699 horisto
347 1634 501 1718 littovss)
532 1634 624 1699 cuius
657 1664 673 1696 o
704 1635 874 1715 perennius
905 1635 984 1699 locis
1007 1636 1049 1700 ab
1072 1634 1172 1716 epicis
1203 1638 1299 1701 corri-

105 1740 192 1820 pitur
219 1739 308 1804 nullo
339 1739 545 1820 producitur.
577 1739 738 1805 succrevit
769 1738 939 1820 postmodo
970 1757 1077 1819 praes.
1100 1737 1184 1804 atio
1215 1742 1300 1820 quod

104 1842 241 1923 legimus
276 1842 354 1906 Hes.
386 1842 447 1923 Op.
480 1844 553 1907 126.
607 1843 738 1908 Aoristo
779 1844 893 1907 ἔνλῠον
930 1849 1084 1908 accurate
1124 1844 1301 1924 respondet

104 1967 124 2010 a
155 1968 249 2028 uras.-
288 1974 347 2011 νινν
380 1949 498 2012 ductris
530 1949 655 2028 ἄρωνω
687 1953 722 2012 Χ
750 1949 812 2011 222
845 1966 941 2026 quarn
971 1946 1107 2012 formem
1141 1947 1300 2012 immerito

103 2051 207 2116 Cobet
228 2050 408 2117 infestavit.

103 2206 227 2273 duxerit;
254 2207 302 2261 sed
321 2207 486 2277 Lycophron
506 2208 599 2261 forsan
625 2209 708 2261 etiarn
734 2218 798 2261 tunc
824 2208 929 2260 nouerit
953 2207 1000 2273 qui
1019 2206 1097 2261 Alex.
1121 2212 1166 2258 131
1186 2222 1225 2273 sq.
1254 2208 1299 2260 ιὸν

104 2295 195 2351 ξένοις
212 2295 377 2365 cordapsos
397 2301 558 2363 Λίγαίωνος
578 2297 697 2364 οὲγνὶυρν
716 2297 813 2365 ποτ’γον
831 2310 881 2361 pro
900 2293 976 2347 ‘sale'
996 2293 1073 2349 dlxii.

178 2384 195 2447 ¹)
215 2386 366 2451 perornans
386 2388 511 2453 ᾱροιρον
529 2385 582 2448 Ap.
601 2381 690 2435 Rhod.
710 2382 723 2434 1
742 2386 801 2434 681.
822 2411 852 2420 -
874 2381 1003 2434 Fortasse
1022 2395 1077 2433 non
1101 2380 1137 2434 ah
1163 2395 1191 2434 re
1216 2382 1299 2436 luceru

104 2468 253 2522 adnotasse
277 2469 305 2521 iu
323 2468 462 2522 Stratonis
480 2467 577 2521 fabula
596 2483 670 2522 erum
696 2476 835 2535 postremo
854 2472 979 2521 enectum
1007 2466 1085 2535 coqui
1110 2467 1220 2533 ineptiis
1246 2471 1300 2520 νων

105 2557 153 2607 τοῦ
173 2558 282 2620 dalrici
302 2558 485 2624 irruptorem
503 2561 617 2625 βιβλίων
635 2566 755 2610 σκοπεῖν
774 2557 876 2608 ἕκαστον
897 2561 922 2606 τί
941 2555 1058 2607 δύναται
1086 2556 1140 2607 τῶν
1165 2556 1300 2625 ῥημάτων

103 2646 136 2692 tt
148 2656 201 2708 sq.:
221 2641 381 2708 Euphorion
395 2643 465 2695 culm
479 2643 522 2695 cui
535 2645 700 2714 ἐρυσίχθονι
712 2642 795 2696 slmili
808 2658 861 2709 quo
875 2658 892 2696 a
905 2657 993 2709 coquo
1006 2639 1161 2695 adhibitum
1177 2639 1299 2696 videmus

104 2744 184 2781 sensu
204 2727 312 2781 restitui
331 2728 457 2782 iussimus
476 2734 547 2783 teste
559 2730 671 2784 Cratete
689 2727 807 2783 Mallote
820 2729 890 2791 (ΑΡ.
902 2728 941 2782 ΧΙ
955 2732 1015 2795 218,
1028 2733 1044 2780 3
1058 2743 1097 2795 sq.
1117 2727 1298 2783 Wachsmnth

104 2815 137 2868 de
157 2815 202 2869 Cr.
215 2816 253 2870 M.
266 2818 310 2881 311)
329 2817 502 2884 κοιηὲγλωσσ
521 2818 599 2870 indes
619 2816 652 2869 rii
674 2818 808 2883 uotiuum
826 2823 872 2869 καὶ
894 2815 928 2868 sci
941 2817 1051 2881 ψνλροιῖ
1070 2819 1211 2884 ἀτρεκέως
1228 2817 1299 2889 ᾔδει·

104 2909 149 2955 καὶ
170 2901 227 2972 γὰρ
245 2901 397 2970 Ὁμηρικὸς
410 2900 452 2967 ἦν.
479 2902 568 2956 Viden
588 2918 669 2971 quam
684 2905 793 2970 egregie
812 2903 978 2958 alteralteri
998 2901 1185 2969 respondeant
1197 2918 1299 2972 coquus

103 2989 150 3042 ille
168 2990 214 3056 qui
227 2990 384 3061 Ὁμηρικῶς
403 2992 496 3043 λαλεῖν
515 2995 600 3045 εἴωθε
619 2998 648 3044 et
666 2990 790 3045 homiues
808 2989 933 3044 Philetae
952 2988 1116 3058 glossarium
1132 2988 1209 3044 adhe
1228 2991 1300 3059 cogit

102 3084 131 3128 et
149 3083 233 3142 poeta
250 3075 405 3147 Ὁμηρικός
423 3075 469 3143 qui
489 3075 522 3129 rie
542 3078 652 3142 ψιλριᾱ
672 3079 812 3147 clipeatus
830 3078 890 3150 ᾖδεν
911 3085 939 3130 et
958 3076 1099 3130 vocabulis
1117 3077 1299 3133 insolentibus

103 3161 166 3215 inde
175 3161 270 3229 petitis
282 3163 405 3216 carmina
418 3169 559 3230 tamquam
570 3162 718 3218 luminibus
731 3163 901 3231 distinguere
915 3162 1047 3219 amabat?
1066 3164 1157 3231 ipsum
1169 3165 1298 3220 comicum

102 3248 209 3316 glossas
234 3265 303 3319 quas
321 3266 406 3319 coquo
426 3249 475 3303 dat
499 3266 533 3304 ex
552 3250 637 3318 copiis
657 3251 783 3306 Philetas
808 3251 931 3305 hausisse
950 3259 977 3305 et
1000 3252 1116 3305 nominIs
1141 3256 1300 3322 ἐρνσοχσων

103 3337 229 3390 notitiam
258 3344 404 3405 utrumque
427 3367 459 3376 -
483 3347 512 3392 et
535 3337 740 3405 Euphorionem
765 3347 793 3392 et
815 3337 973 3393 Stratonem
1002 3368 1031 3376 -
1058 3337 1146 3391 eidem
1173 3338 1300 3393 Philetas

103 3422 204 3478 debere
214 3424 304 3481 facilis
318 3435 359 3480 est
371 3425 497 3492 suspicio.
515 3424 542 3477 N
543 3441 587 3477 um
602 3424 673 3478 forte
683 3424 755 3479 idem
766 3424 842 3478 ralet
854 3424 888 3477 de
899 3423 1079 3493 Lycophrona
1088 3430 1121 3489 tr.
1131 3441 1155 3492 p.
1163 3430 1212 3477 318
1221 3425 1298 3491 n.2)l

174 3515 194 3575 ²)
213 3511 295 3566 Teste
320 3512 464 3567 Hellanico
490 3511 636 3579 (Athenae.
655 3513 680 3565 Χ
699 3512 788 3580 1163)
811 3514 857 3579 qui
876 3512 1044 3578 cognominis
1072 3510 1207 3578 originem
1236 3510 1299 3564 Inde

102 3600 202 3665 repetit
221 3600 292 3669 quod
318 3600 352 3668 ἤν
376 3606 516 3666 ἄπληστος
535 3601 633 3671 βορᾶς,
657 3599 673 3653 i.
693 3613 715 3653 c.
736 3612 752 3650 a
772 3594 889 3648 ‘flamma
909 3594 999 3662 gulae'
1018 3603 1046 3649 et
1064 3595 1172 3649 ‘ardore
1190 3596 1299 3651 edendi'

102 3684 160 3751 (Or.
174 3696 312 3744 metnmm,
325 3688 392 3741 VIII
401 3694 462 3743 828.
474 3695 536 3755 8463
547 3693 650 3743 ΑΙθων
660 3687 676 3738 i.
687 3702 713 3751 q.
726 3685 882 3752 αἰθόμενος
895 3684 968 3752 λιμῷ
982 3682 1072 3750 Apoll.
1088 3682 1176 3737 Rhod.
1189 3684 1200 3736 I
1214 3688 1298 3752 luto).

103 3774 140 3824 ht
159 3778 251 3826 αῐοων
270 3774 297 3827 iu
316 3774 370 3828 hae
388 3790 418 3829 re
437 3790 491 3827 non
511 3774 632 3842 passive,
657 3769 704 3824 sed
730 3769 818 3823 active
843 3769 913 3823 solet
938 3767 991 3822 dici
1013 3770 1108 3836 (epigr.
1129 3770 1254 3826 AeschIn.
1275 3777 1298 3837 s,

106 3865 161 3911 1111.
190 3858 297 3916 Gallim.
316 3859 343 3915 h.
364 3859 423 3913 Cer.
443 3859 576 3930 θολερὸς
596 3865 688 3911 αἴθων
711 3856 745 3910 de
765 3856 983 3924 Erysichthone).
1015 3855 1102 3922 Quam
1128 3857 1162 3910 oh
1187 3873 1297 3911 causum

102 3951 228 4010 praestat
247 3944 347 3998 collato
366 3946 475 3999 nomiae
495 3948 693 4014 Ἐρυσίχθονος
711 3943 783 4012 quod
807 3942 882 3997 bovis
906 3943 1049 4012 epitheton
1074 3943 1159 3997 fulsse
1184 3942 1299 3998 vidimus

102 4047 251 4098 cognomen
265 4047 371 4099 quoque
384 4037 487 4086 Αἴθων
506 4046 669 4098 componere
682 4047 742 4084 cum
762 4037 795 4084 II
806 4037 856 4084 488
871 4033 975 4103 ταῦρον
995 4037 1116 4089 αἴθωνα.
1135 4049 1152 4083 σ
1165 4036 1215 4084 312
1234 4035 1298 4101 fider

103 4123 233 4175 αἴθωνος.
278 4118 348 4172 Casu
377 4117 508 4171 acciderit
538 4133 623 4172 necne
649 4126 680 4171 ut
710 4126 857 4185 insurpetur
882 4134 898 4172 a
928 4117 1110 4185 Lycophrone
1135 4118 1297 4172 vocabulum

101 4205 407 4272 poematorum),
435 4221 452 4257 a
480 4204 650 4259 Callimacho
675 4206 714 4268 iet
741 4204 877 4270 Agathia)
905 4206 1079 4278 βούβρωστις
1104 4205 1140 4272 (h.
1160 4207 1219 4263 Cer.
1241 4212 1298 4265 103,

102 4290 159 4346 AP.
172 4289 211 4343 XI
225 4295 285 4357 ute,
296 4297 321 4348 et
341 4290 374 4345 dc
393 4291 502 4345 homine
514 4290 592 4345 cuius
610 4306 710 4345 nomen
723 4301 750 4345 et
768 4299 977 4357 cognomentum
997 4290 1109 4346 fuerunt
1126 4293 1204 4359 spica
1224 4294 1299 4347 bovis

102 4376 235 4444 epitheta,
254 4375 405 4432 diiudicare
418 4377 523 4445 nescio;
543 4383 690 4446 potuerunt
709 4376 818 4444 quidem
832 4384 930 4444 poetae
949 4377 1011 4432 aliis
1024 4380 1063 4432 uti
1083 4378 1231 4445 vocabulis,
1250 4378 1299 4432 sed

102 4473 170 4532 βου·
192 4465 219 4517 In
239 4466 292 4519 hae
312 4482 339 4519 re
359 4466 491 4520 sollemne
510 4471 571 4520 erat
590 4471 621 4518 ut
639 4464 702 4519 inde
722 4464 789 4518 nihil
809 4463 920 4518 efficere
938 4464 1009 4519 velle
1027 4467 1135 4520 cautius
1155 4466 1198 4522 sit.

174 4557 194 4615 8)
213 4552 245 4608 V.
265 4567 334 4619 quae
354 4552 409 4605 dixi
429 4552 485 4608 KZ.
505 4551 596 4606 XXIX
618 4558 676 4610 uto.
