<?xml version="1.0" encoding="UTF-8"?>
<!DOCTYPE html PUBLIC "-//W3C//DTD XHTML 1.0 Transitional//EN"
    "http://www.w3.org/TR/xhtml1/DTD/xhtml1-transitional.dtd">
<html xmlns="http://www.w3.org/1999/xhtml" xml:lang="en" lang="en">
 <head>
  <title>
</title>
<meta http-equiv="Content-Type" content="text/html;charset=utf-8" />
  <meta name='ocr-system' content='tesseract 3.04.00' />
  <meta name='ocr-capabilities' content='ocr_page ocr_carea ocr_par ocr_line ocrx_word'/>
</head>
<body>
  <div class='ocr_page' id='page_1' title='image "./quaestionesepca00schugoog_0446.png"; bbox 0 0 2956 5018; ppageno 0'>
   <div class='ocr_carea' id='block_1_1' title="bbox 547 218 783 281">
    <p class='ocr_par' dir='ltr' id='par_1_1' title="bbox 547 218 783 281">
     <span class='ocr_line' id='line_1_1' title="bbox 547 218 783 281; baseline 0.004 -1"><span class='ocrx_word' id='word_1_1' title='bbox 547 218 697 281; x_wconf 78' lang='lat'>—433</span> <span class='ocrx_word' id='word_1_2' title='bbox 744 253 783 262; x_wconf 93' lang='lat'>-</span> 
     </span>
    </p>
   </div>
   <div class='ocr_carea' id='block_1_2' title="bbox 63 403 1265 2447">
    <p class='ocr_par' dir='ltr' id='par_1_2' title="bbox 63 403 1264 1400">
     <span class='ocr_line' id='line_1_2' title="bbox 63 403 1262 490; baseline -0.002 -19"><span class='ocrx_word' id='word_1_3' title='bbox 63 405 246 471; x_wconf 87' lang='lat' dir='ltr'><strong>adnotavit.</strong></span> <span class='ocrx_word' id='word_1_4' title='bbox 257 404 281 490; x_wconf 87' lang='lat'><strong>¹)</strong></span> <span class='ocrx_word' id='word_1_5' title='bbox 322 406 376 468; x_wconf 79' lang='grc' dir='ltr'><strong><em>εἴιο</em></strong></span> <span class='ocrx_word' id='word_1_6' title='bbox 407 405 492 485; x_wconf 91' lang='lat' dir='ltr'><strong>qnod</strong></span> <span class='ocrx_word' id='word_1_7' title='bbox 515 423 579 469; x_wconf 94' lang='lat' dir='ltr'><strong>non</strong></span> <span class='ocrx_word' id='word_1_8' title='bbox 610 403 794 468; x_wconf 74' lang='lat' dir='ltr'><strong>admittitur</strong></span> <span class='ocrx_word' id='word_1_9' title='bbox 823 404 885 469; x_wconf 92' lang='lat' dir='ltr'><strong>nisi</strong></span> <span class='ocrx_word' id='word_1_10' title='bbox 914 404 949 469; x_wconf 93' lang='lat' dir='ltr'><strong>in</strong></span> <span class='ocrx_word' id='word_1_11' title='bbox 979 404 1127 470; x_wconf 84' lang='lat' dir='ltr'><strong>clausula</strong></span> <span class='ocrx_word' id='word_1_12' title='bbox 1156 423 1262 485; x_wconf 91' lang='lat' dir='ltr'><strong>neque</strong></span> 
     </span>
     <span class='ocr_line' id='line_1_3' title="bbox 63 506 1260 589; baseline -0.001 -16"><span class='ocrx_word' id='word_1_13' title='bbox 63 509 263 589; x_wconf 85' lang='lat' dir='ltr'><strong>explicatum</strong></span> <span class='ocrx_word' id='word_1_14' title='bbox 292 507 391 572; x_wconf 90' lang='lat' dir='ltr'><strong>ullum</strong></span> <span class='ocrx_word' id='word_1_15' title='bbox 421 508 521 574; x_wconf 89' lang='lat' dir='ltr'><strong>habet</strong></span> <span class='ocrx_word' id='word_1_16' title='bbox 553 506 740 588; x_wconf 83' lang='lat' dir='ltr'><strong>productio,</strong></span> <span class='ocrx_word' id='word_1_17' title='bbox 777 525 892 573; x_wconf 87' lang='lat' dir='ltr'><strong>versus</strong></span> <span class='ocrx_word' id='word_1_18' title='bbox 922 507 1038 587; x_wconf 91' lang='lat' dir='ltr'><strong>quibus</strong></span> <span class='ocrx_word' id='word_1_19' title='bbox 1068 507 1155 572; x_wconf 91' lang='lat' dir='ltr'><strong>inest</strong></span> <span class='ocrx_word' id='word_1_20' title='bbox 1187 527 1260 572; x_wconf 91' lang='lat' dir='ltr'><strong>corr-</strong></span> 
     </span>
     <span class='ocr_line' id='line_1_4' title="bbox 63 609 1262 694; baseline -0.002 -17"><span class='ocrx_word' id='word_1_21' title='bbox 63 612 226 677; x_wconf 86' lang='lat' dir='ltr'><strong>iunctivus</strong></span> <span class='ocrx_word' id='word_1_22' title='bbox 249 611 305 675; x_wconf 90' lang='lat' dir='ltr'><strong>ille</strong></span> <span class='ocrx_word' id='word_1_23' title='bbox 326 612 496 694; x_wconf 72' lang='grc' dir='ltr'><strong><em>μειούρους</em></strong></span> <span class='ocrx_word' id='word_1_24' title='bbox 520 629 592 675; x_wconf 86' lang='lat' dir='ltr'><strong>esse</strong></span> <span class='ocrx_word' id='word_1_25' title='bbox 615 609 773 691; x_wconf 86' lang='lat' dir='ltr'><strong>arbitror;</strong></span> <span class='ocrx_word' id='word_1_26' title='bbox 796 610 837 674; x_wconf 86' lang='lat' dir='ltr'><strong>cf.</strong></span> <span class='ocrx_word' id='word_1_27' title='bbox 861 611 991 675; x_wconf 82' lang='lat' dir='ltr'><strong>Abrens</strong></span> <span class='ocrx_word' id='word_1_28' title='bbox 1014 610 1104 693; x_wconf 84' lang='lat' dir='ltr'><strong>Conj.</strong></span> <span class='ocrx_word' id='word_1_29' title='bbox 1129 609 1186 675; x_wconf 84' lang='lat' dir='ltr'><strong>ant</strong></span> <span class='ocrx_word' id='word_1_30' title='bbox 1208 639 1262 691; x_wconf 85' lang='grc' dir='ltr'><strong><em>-μι</em></strong></span> 
     </span>
     <span class='ocr_line' id='line_1_5' title="bbox 63 714 1264 800; baseline 0.001 -21"><span class='ocrx_word' id='word_1_31' title='bbox 63 714 83 800; x_wconf 65' lang='grc' dir='ltr'>ξ</span> <span class='ocrx_word' id='word_1_32' title='bbox 118 717 158 779; x_wconf 97' lang='grc'><strong>21</strong></span> <span class='ocrx_word' id='word_1_33' title='bbox 195 734 226 794; x_wconf 84' lang='lat' dir='ltr'><strong>p.</strong></span> <span class='ocrx_word' id='word_1_34' title='bbox 256 717 309 778; x_wconf 86' lang='lat'><strong>31.</strong></span> <span class='ocrx_word' id='word_1_35' title='bbox 345 718 397 780; x_wconf 84' lang='grc'><strong>30.</strong></span> <span class='ocrx_word' id='word_1_36' title='bbox 434 714 549 797; x_wconf 85' lang='lat' dir='ltr'><strong>Smyth</strong></span> <span class='ocrx_word' id='word_1_37' title='bbox 584 717 634 777; x_wconf 81' lang='grc' dir='ltr'><strong>ΕΙ</strong></span> <span class='ocrx_word' id='word_1_38' title='bbox 665 716 716 778; x_wconf 84' lang='grc'><strong>60.</strong></span> <span class='ocrx_word' id='word_1_39' title='bbox 753 715 803 778; x_wconf 76' lang='grc'><strong>78.</strong></span> <span class='ocrx_word' id='word_1_40' title='bbox 861 714 1091 796; x_wconf 82' lang='lat' dir='ltr'><strong>Diphthongus</strong></span> <span class='ocrx_word' id='word_1_41' title='bbox 1126 715 1264 780; x_wconf 89' lang='lat' dir='ltr'><strong>debetur</strong></span> 
     </span>
     <span class='ocr_line' id='line_1_6' title="bbox 63 815 1262 897; baseline 0.001 -16"><span class='ocrx_word' id='word_1_42' title='bbox 63 816 300 881; x_wconf 89' lang='lat' dir='ltr'><strong>recentioribus</strong></span> <span class='ocrx_word' id='word_1_43' title='bbox 328 817 384 896; x_wconf 91' lang='lat' dir='ltr'><strong>qui</strong></span> <span class='ocrx_word' id='word_1_44' title='bbox 405 835 516 881; x_wconf 88' lang='lat' dir='ltr'><strong>morae</strong></span> <span class='ocrx_word' id='word_1_45' title='bbox 539 815 670 881; x_wconf 85' lang='lat' dir='ltr'><strong>deiectu</strong></span> <span class='ocrx_word' id='word_1_46' title='bbox 694 815 955 897; x_wconf 86' lang='lat' dir='ltr'><strong>offendebantur,</strong></span> <span class='ocrx_word' id='word_1_47' title='bbox 984 818 1070 896; x_wconf 91' lang='lat' dir='ltr'><strong>quod</strong></span> <span class='ocrx_word' id='word_1_48' title='bbox 1093 817 1178 882; x_wconf 94' lang='lat' dir='ltr'><strong>idern</strong></span> <span class='ocrx_word' id='word_1_49' title='bbox 1202 835 1262 882; x_wconf 91' lang='lat' dir='ltr'><strong>usu</strong></span> 
     </span>
     <span class='ocr_line' id='line_1_7' title="bbox 65 920 1263 1005; baseline 0 -18"><span class='ocrx_word' id='word_1_50' title='bbox 65 921 195 987; x_wconf 90' lang='lat' dir='ltr'><strong>venisse</strong></span> <span class='ocrx_word' id='word_1_51' title='bbox 222 920 255 985; x_wconf 91' lang='lat' dir='ltr'><strong>in</strong></span> <span class='ocrx_word' id='word_1_52' title='bbox 291 921 404 986; x_wconf 83' lang='lat' dir='ltr'><strong>Alcaei</strong></span> <span class='ocrx_word' id='word_1_53' title='bbox 436 923 587 1005; x_wconf 72' lang='grc' dir='ltr'><strong><em>ιεμένηος</em></strong></span> <span class='ocrx_word' id='word_1_54' title='bbox 621 921 729 1001; x_wconf 85' lang='lat' dir='ltr'><strong>paullo</strong></span> <span class='ocrx_word' id='word_1_55' title='bbox 761 926 839 986; x_wconf 86' lang='lat' dir='ltr'><strong>ante</strong></span> <span class='ocrx_word' id='word_1_56' title='bbox 869 920 952 1001; x_wconf 79' lang='lat' dir='ltr'><strong>dixi3</strong></span> <span class='ocrx_word' id='word_1_57' title='bbox 988 921 1112 987; x_wconf 91' lang='lat' dir='ltr'><strong>vocalis</strong></span> <span class='ocrx_word' id='word_1_58' title='bbox 1142 921 1263 987; x_wconf 85' lang='lat' dir='ltr'><strong>discre-</strong></span> 
     </span>
     <span class='ocr_line' id='line_1_8' title="bbox 64 1024 1263 1114; baseline 0.001 -26"><span class='ocrx_word' id='word_1_59' title='bbox 64 1024 179 1106; x_wconf 85' lang='lat' dir='ltr'><strong>pantia</strong></span> <span class='ocrx_word' id='word_1_60' title='bbox 226 1030 316 1089; x_wconf 87' lang='lat' dir='ltr'><strong>recte</strong></span> <span class='ocrx_word' id='word_1_61' title='bbox 357 1026 457 1090; x_wconf 88' lang='lat' dir='ltr'><strong>habet</strong></span> <span class='ocrx_word' id='word_1_62' title='bbox 498 1025 531 1089; x_wconf 92' lang='lat' dir='ltr'><strong>in</strong></span> <span class='ocrx_word' id='word_1_63' title='bbox 574 1024 785 1090; x_wconf 87' lang='lat' dir='ltr'><strong>dialectorum</strong></span> <span class='ocrx_word' id='word_1_64' title='bbox 831 1024 1045 1104; x_wconf 87' lang='lat' dir='ltr'><strong>diversitate,</strong></span> <span class='ocrx_word' id='word_1_65' title='bbox 1093 1024 1132 1114; x_wconf 73' lang='grc' dir='ltr'><strong>ἥῃ</strong></span> <span class='ocrx_word' id='word_1_66' title='bbox 1177 1026 1263 1104; x_wconf 91' lang='lat' dir='ltr'><strong>quod</strong></span> 
     </span>
     <span class='ocr_line' id='line_1_9' title="bbox 65 1127 1262 1210; baseline -0.002 -17"><span class='ocrx_word' id='word_1_67' title='bbox 65 1128 241 1193; x_wconf 82' lang='lat' dir='ltr'><strong>volucrunt</strong></span> <span class='ocrx_word' id='word_1_68' title='bbox 273 1127 374 1193; x_wconf 86' lang='lat' dir='ltr'><strong>futtili</strong></span> <span class='ocrx_word' id='word_1_69' title='bbox 407 1129 691 1210; x_wconf 81' lang='lat' dir='ltr'><strong>argumentatione</strong></span> <span class='ocrx_word' id='word_1_70' title='bbox 725 1127 837 1191; x_wconf 85' lang='lat' dir='ltr'><strong>conlisi</strong></span> <span class='ocrx_word' id='word_1_71' title='bbox 871 1128 1003 1192; x_wconf 84' lang='lat' dir='ltr'><strong>Bckker</strong></span> <span class='ocrx_word' id='word_1_72' title='bbox 1032 1128 1116 1191; x_wconf 91' lang='lat' dir='ltr'><strong>HBl.</strong></span> <span class='ocrx_word' id='word_1_73' title='bbox 1148 1128 1165 1191; x_wconf 91' lang='grc' dir='ltr'><strong>Ι</strong></span> <span class='ocrx_word' id='word_1_74' title='bbox 1199 1130 1262 1192; x_wconf 80' lang='grc'><strong>228</strong></span> 
     </span>
     <span class='ocr_line' id='line_1_10' title="bbox 66 1230 1262 1313; baseline 0 -17"><span class='ocrx_word' id='word_1_75' title='bbox 66 1232 178 1313; x_wconf 84' lang='lat' dir='ltr'>Bergk</span> <span class='ocrx_word' id='word_1_76' title='bbox 212 1232 232 1296; x_wconf 94' lang='lat' dir='ltr'><strong>l.</strong></span> <span class='ocrx_word' id='word_1_77' title='bbox 268 1233 288 1297; x_wconf 93' lang='lat' dir='ltr'><strong>l.</strong></span> <span class='ocrx_word' id='word_1_78' title='bbox 322 1234 372 1298; x_wconf 90' lang='lat' dir='ltr'><strong>La</strong></span> <span class='ocrx_word' id='word_1_79' title='bbox 405 1233 515 1298; x_wconf 89' lang='lat' dir='ltr'><strong>Roclre</strong></span> <span class='ocrx_word' id='word_1_80' title='bbox 549 1231 649 1297; x_wconf 83' lang='lat' dir='ltr'><strong>ZfoG.</strong></span> <span class='ocrx_word' id='word_1_81' title='bbox 690 1233 786 1311; x_wconf 78' lang='grc'><strong>1010,</strong></span> <span class='ocrx_word' id='word_1_82' title='bbox 817 1233 882 1297; x_wconf 73' lang='grc'><strong>405</strong></span> <span class='ocrx_word' id='word_1_83' title='bbox 916 1230 987 1295; x_wconf 89' lang='lat' dir='ltr'><strong>coll.</strong></span> <span class='ocrx_word' id='word_1_84' title='bbox 1019 1231 1091 1296; x_wconf 91' lang='lat' dir='ltr'><strong>HU.</strong></span> <span class='ocrx_word' id='word_1_85' title='bbox 1126 1233 1186 1295; x_wconf 82' lang='lat'><strong>153</strong></span> <span class='ocrx_word' id='word_1_86' title='bbox 1214 1250 1262 1310; x_wconf 91' lang='lat' dir='ltr'><strong>sq.</strong></span> 
     </span>
     <span class='ocr_line' id='line_1_11' title="bbox 65 1333 367 1400; baseline 0 -2"><span class='ocrx_word' id='word_1_87' title='bbox 65 1333 171 1399; x_wconf 84' lang='lat' dir='ltr'><strong>forma</strong></span> <span class='ocrx_word' id='word_1_88' title='bbox 193 1333 285 1399; x_wconf 86' lang='lat' dir='ltr'><strong>nihili</strong></span> <span class='ocrx_word' id='word_1_89' title='bbox 307 1340 367 1400; x_wconf 87' lang='lat' dir='ltr'><strong>est.</strong></span> 
     </span>
    </p>

    <p class='ocr_par' dir='ltr' id='par_1_3' title="bbox 64 1436 1265 2447">
     <span class='ocr_line' id='line_1_12' title="bbox 154 1436 1263 1519; baseline 0.001 -18"><span class='ocrx_word' id='word_1_90' title='bbox 154 1438 224 1502; x_wconf 82' lang='lat' dir='ltr'><strong>Att.</strong></span> <span class='ocrx_word' id='word_1_91' title='bbox 250 1443 364 1503; x_wconf 77' lang='grc' dir='ltr'><em>κανοῦν</em></span> <span class='ocrx_word' id='word_1_92' title='bbox 386 1438 528 1503; x_wconf 84' lang='lat' dir='ltr'><strong>Homero</strong></span> <span class='ocrx_word' id='word_1_93' title='bbox 552 1443 603 1503; x_wconf 87' lang='lat' dir='ltr'><strong>est</strong></span> <span class='ocrx_word' id='word_1_94' title='bbox 631 1437 762 1517; x_wconf 82' lang='grc' dir='ltr'><strong><em>κάνεον,·</em></strong></span> <span class='ocrx_word' id='word_1_95' title='bbox 794 1442 827 1502; x_wconf 78' lang='grc' dir='ltr'><strong><em>ἐν</em></strong></span> <span class='ocrx_word' id='word_1_96' title='bbox 857 1437 998 1501; x_wconf 78' lang='grc' dir='ltr'><strong><em>κανέοισι</em></strong></span> <span class='ocrx_word' id='word_1_97' title='bbox 1029 1436 1167 1519; x_wconf 83' lang='lat' dir='ltr'><strong>legimns</strong></span> <span class='ocrx_word' id='word_1_98' title='bbox 1190 1437 1263 1518; x_wconf 90' lang='lat' dir='ltr'><strong>plus</strong></span> 
     </span>
     <span class='ocr_line' id='line_1_13' title="bbox 65 1541 1264 1630; baseline 0.003 -26"><span class='ocrx_word' id='word_1_99' title='bbox 65 1541 184 1621; x_wconf 78' lang='lat' dir='ltr'><strong>semel,</strong></span> <span class='ocrx_word' id='word_1_100' title='bbox 216 1544 250 1606; x_wconf 76' lang='grc' dir='ltr'><strong><em>ἐκ</em></strong></span> <span class='ocrx_word' id='word_1_101' title='bbox 273 1544 399 1607; x_wconf 77' lang='grc' dir='ltr'><strong><em>κανέοιο</em></strong></span> <span class='ocrx_word' id='word_1_102' title='bbox 424 1570 441 1625; x_wconf 78' lang='grc' dir='ltr'><strong>ρ</strong></span> <span class='ocrx_word' id='word_1_103' title='bbox 469 1545 544 1608; x_wconf 82' lang='grc'><strong>343.</strong></span> <span class='ocrx_word' id='word_1_104' title='bbox 580 1544 696 1607; x_wconf 74' lang='lat'>«1120.</span> <span class='ocrx_word' id='word_1_105' title='bbox 733 1570 751 1607; x_wconf 90' lang='grc' dir='ltr'>υ</span> <span class='ocrx_word' id='word_1_106' title='bbox 774 1545 852 1624; x_wconf 84' lang='grc'><strong>300,</strong></span> <span class='ocrx_word' id='word_1_107' title='bbox 876 1543 991 1606; x_wconf 78' lang='grc' dir='ltr'><strong><em>κανέου</em></strong></span> <span class='ocrx_word' id='word_1_108' title='bbox 1015 1569 1032 1625; x_wconf 83' lang='grc' dir='ltr'><strong>ρ</strong></span> <span class='ocrx_word' id='word_1_109' title='bbox 1055 1544 1129 1621; x_wconf 82' lang='grc'><strong>335,</strong></span> <span class='ocrx_word' id='word_1_110' title='bbox 1165 1543 1264 1630; x_wconf 74' lang='grc' dir='ltr'><strong><em>κανέῳ</em></strong></span> 
     </span>
     <span class='ocr_line' id='line_1_14' title="bbox 64 1644 1265 1728; baseline 0.002 -21"><span class='ocrx_word' id='word_1_111' title='bbox 64 1645 182 1728; x_wconf 73' lang='lat'><strong><em>7442,</em></strong></span> <span class='ocrx_word' id='word_1_112' title='bbox 219 1647 332 1724; x_wconf 76' lang='lat' dir='ltr'><strong>llssl,</strong></span> <span class='ocrx_word' id='word_1_113' title='bbox 368 1645 480 1710; x_wconf 77' lang='grc' dir='ltr'><strong><em>κάνεον</em></strong></span> <span class='ocrx_word' id='word_1_114' title='bbox 520 1653 556 1710; x_wconf 89' lang='grc' dir='ltr'><em>Λ</em></span> <span class='ocrx_word' id='word_1_115' title='bbox 586 1648 660 1710; x_wconf 84' lang='grc'><strong>630.</strong></span> <span class='ocrx_word' id='word_1_116' title='bbox 696 1654 722 1710; x_wconf 71' lang='lat' dir='ltr'><strong>a</strong></span> <span class='ocrx_word' id='word_1_117' title='bbox 749 1647 800 1710; x_wconf 84' lang='lat'><strong>69.</strong></span> <span class='ocrx_word' id='word_1_118' title='bbox 847 1644 971 1709; x_wconf 78' lang='lat' dir='ltr'><strong>arirsrov</strong></span> <span class='ocrx_word' id='word_1_119' title='bbox 1003 1663 1068 1710; x_wconf 86' lang='grc'><strong>11011</strong></span> <span class='ocrx_word' id='word_1_120' title='bbox 1098 1645 1265 1712; x_wconf 76' lang='lat' dir='ltr'><strong>invenitur</strong></span> 
     </span>
     <span class='ocr_line' id='line_1_15' title="bbox 65 1745 1265 1832; baseline 0.003 -22"><span class='ocrx_word' id='word_1_121' title='bbox 65 1746 129 1811; x_wconf 93' lang='lat' dir='ltr'><strong>nisi</strong></span> <span class='ocrx_word' id='word_1_122' title='bbox 151 1746 184 1811; x_wconf 94' lang='lat' dir='ltr'><strong>in</strong></span> <span class='ocrx_word' id='word_1_123' title='bbox 208 1745 356 1813; x_wconf 86' lang='lat' dir='ltr'><strong>clausula</strong></span> <span class='ocrx_word' id='word_1_124' title='bbox 380 1767 495 1814; x_wconf 88' lang='lat' dir='ltr'><strong>versus</strong></span> <span class='ocrx_word' id='word_1_125' title='bbox 518 1752 616 1815; x_wconf 77' lang='lat' dir='ltr'><strong>x355</strong></span> <span class='ocrx_word' id='word_1_126' title='bbox 638 1749 773 1832; x_wconf 78' lang='grc' dir='ltr'><strong><em>χρύσεια</em></strong></span> <span class='ocrx_word' id='word_1_127' title='bbox 797 1747 906 1812; x_wconf 78' lang='grc' dir='ltr'><strong><em>κάνεια</em></strong></span> <span class='ocrx_word' id='word_1_128' title='bbox 930 1750 990 1812; x_wconf 88' lang='lat' dir='ltr'><strong>sub</strong></span> <span class='ocrx_word' id='word_1_129' title='bbox 1014 1767 1078 1828; x_wconf 90' lang='lat' dir='ltr'><strong>qua</strong></span> <span class='ocrx_word' id='word_1_130' title='bbox 1101 1749 1265 1829; x_wconf 85' lang='lat' dir='ltr'><strong>scriptura</strong></span> 
     </span>
     <span class='ocr_line' id='line_1_16' title="bbox 65 1849 1262 1933; baseline 0.002 -19"><span class='ocrx_word' id='word_1_131' title='bbox 65 1849 206 1914; x_wconf 86' lang='lat' dir='ltr'><strong>forsitan</strong></span> <span class='ocrx_word' id='word_1_132' title='bbox 236 1850 315 1915; x_wconf 86' lang='lat' dir='ltr'><strong>nihil</strong></span> <span class='ocrx_word' id='word_1_133' title='bbox 345 1851 433 1917; x_wconf 81' lang='lat' dir='ltr'><strong>aliurd</strong></span> <span class='ocrx_word' id='word_1_134' title='bbox 463 1871 560 1931; x_wconf 93' lang='lat' dir='ltr'><strong>quarn</strong></span> <span class='ocrx_word' id='word_1_135' title='bbox 590 1851 734 1933; x_wconf 86' lang='lat' dir='ltr'><strong>volgaris</strong></span> <span class='ocrx_word' id='word_1_136' title='bbox 764 1851 868 1916; x_wconf 85' lang='lat' dir='ltr'><strong>forma</strong></span> <span class='ocrx_word' id='word_1_137' title='bbox 898 1851 994 1915; x_wconf 79' lang='grc' dir='ltr'><strong><em>κάνεα</em></strong></span> <span class='ocrx_word' id='word_1_138' title='bbox 1025 1852 1138 1917; x_wconf 86' lang='lat' dir='ltr'><strong>lateat.</strong></span> <span class='ocrx_word' id='word_1_139' title='bbox 1185 1853 1262 1916; x_wconf 89' lang='lat' dir='ltr'><strong>Pro-</strong></span> 
     </span>
     <span class='ocr_line' id='line_1_17' title="bbox 66 1953 1264 2038; baseline 0.003 -21"><span class='ocrx_word' id='word_1_140' title='bbox 66 1953 252 2017; x_wconf 87' lang='lat' dir='ltr'><strong>ductionem</strong></span> <span class='ocrx_word' id='word_1_141' title='bbox 289 1955 411 2020; x_wconf 88' lang='lat' dir='ltr'><strong>vocalis</strong></span> <span class='ocrx_word' id='word_1_142' title='bbox 444 1955 529 2020; x_wconf 88' lang='lat' dir='ltr'><strong>ictus</strong></span> <span class='ocrx_word' id='word_1_143' title='bbox 563 1955 596 2022; x_wconf 90' lang='lat' dir='ltr'><strong>vi</strong></span> <span class='ocrx_word' id='word_1_144' title='bbox 633 1954 780 2020; x_wconf 84' lang='lat' dir='ltr'><strong>effectam</strong></span> <span class='ocrx_word' id='word_1_145' title='bbox 818 1974 890 2019; x_wconf 87' lang='lat' dir='ltr'><strong>esse</strong></span> <span class='ocrx_word' id='word_1_146' title='bbox 928 1956 1056 2021; x_wconf 85' lang='lat' dir='ltr'><strong>notavit</strong></span> <span class='ocrx_word' id='word_1_147' title='bbox 1095 1955 1264 2038; x_wconf 80' lang='lat' dir='ltr'><strong>Odysseae</strong></span> 
     </span>
     <span class='ocr_line' id='line_1_18' title="bbox 66 2056 1262 2139; baseline 0.002 -18"><span class='ocrx_word' id='word_1_148' title='bbox 66 2056 174 2121; x_wconf 87' lang='lat' dir='ltr'><strong>editor</strong></span> <span class='ocrx_word' id='word_1_149' title='bbox 196 2057 287 2123; x_wconf 88' lang='lat' dir='ltr'><strong>Fick.</strong></span> <span class='ocrx_word' id='word_1_150' title='bbox 333 2060 453 2124; x_wconf 85' lang='lat' dir='ltr'><strong>Vocem</strong></span> <span class='ocrx_word' id='word_1_151' title='bbox 482 2079 577 2139; x_wconf 87' lang='lat' dir='ltr'><strong>quam</strong></span> <span class='ocrx_word' id='word_1_152' title='bbox 602 2060 698 2123; x_wconf 86' lang='lat' dir='ltr'><strong>Helm</strong></span> <span class='ocrx_word' id='word_1_153' title='bbox 722 2058 916 2139; x_wconf 75' lang='lat' dir='ltr'><strong>liniturpii.5</strong></span> <span class='ocrx_word' id='word_1_154' title='bbox 939 2061 1000 2124; x_wconf 81' lang='grc'><strong>241</strong></span> <span class='ocrx_word' id='word_1_155' title='bbox 1025 2078 1094 2139; x_wconf 87' lang='lat' dir='ltr'><strong>sqq.</strong></span> <span class='ocrx_word' id='word_1_156' title='bbox 1123 2059 1262 2123; x_wconf 84' lang='lat' dir='ltr'><strong>externi·</strong></span> 
     </span>
     <span class='ocr_line' id='line_1_19' title="bbox 66 2160 1264 2243; baseline 0.002 -19"><span class='ocrx_word' id='word_1_157' title='bbox 66 2179 185 2242; x_wconf 85' lang='lat' dir='ltr'><strong>genam</strong></span> <span class='ocrx_word' id='word_1_158' title='bbox 210 2177 282 2223; x_wconf 88' lang='lat' dir='ltr'><strong>esse</strong></span> <span class='ocrx_word' id='word_1_159' title='bbox 305 2161 490 2240; x_wconf 87' lang='lat' dir='ltr'><strong>suspicatur</strong></span> <span class='ocrx_word' id='word_1_160' title='bbox 513 2162 556 2225; x_wconf 91' lang='lat' dir='ltr'><strong>ad</strong></span> <span class='ocrx_word' id='word_1_161' title='bbox 580 2166 711 2243; x_wconf 83' lang='lat' dir='ltr'><strong>etymon</strong></span> <span class='ocrx_word' id='word_1_162' title='bbox 740 2160 865 2225; x_wconf 80' lang='lat' dir='ltr'><strong>referre</strong></span> <span class='ocrx_word' id='word_1_163' title='bbox 888 2162 1007 2227; x_wconf 73' lang='lat' dir='ltr'><strong>nescio,</strong></span> <span class='ocrx_word' id='word_1_164' title='bbox 1054 2162 1092 2226; x_wconf 93' lang='lat' dir='ltr'><strong>In</strong></span> <span class='ocrx_word' id='word_1_165' title='bbox 1123 2162 1264 2226; x_wconf 84' lang='lat' dir='ltr'><strong>carmine</strong></span> 
     </span>
     <span class='ocr_line' id='line_1_20' title="bbox 65 2262 1264 2346; baseline 0.002 -19"><span class='ocrx_word' id='word_1_166' title='bbox 65 2263 218 2344; x_wconf 86' lang='lat' dir='ltr'><strong>populari</strong></span> <span class='ocrx_word' id='word_1_167' title='bbox 241 2263 369 2344; x_wconf 85' lang='lat' dir='ltr'><strong>Bergk⁴</strong></span> <span class='ocrx_word' id='word_1_168' title='bbox 392 2283 440 2328; x_wconf 89' lang='lat' dir='ltr'><strong>nr.</strong></span> <span class='ocrx_word' id='word_1_169' title='bbox 463 2265 503 2326; x_wconf 85' lang='grc'><strong>41</strong></span> <span class='ocrx_word' id='word_1_170' title='bbox 528 2262 648 2342; x_wconf 82' lang='lat' dir='ltr'><strong>legitur</strong></span> <span class='ocrx_word' id='word_1_171' title='bbox 671 2263 857 2346; x_wconf 78' lang='grc' dir='ltr'><strong><em>κάνυστρον,</em></strong></span> <span class='ocrx_word' id='word_1_172' title='bbox 885 2265 1013 2330; x_wconf 87' lang='lat' dir='ltr'><strong>Usener</strong></span> <span class='ocrx_word' id='word_1_173' title='bbox 1036 2266 1142 2346; x_wconf 82' lang='lat' dir='ltr'><strong>Altgr.</strong></span> <span class='ocrx_word' id='word_1_174' title='bbox 1167 2266 1264 2331; x_wconf 80' lang='lat' dir='ltr'><strong>Vers-</strong></span> 
     </span>
     <span class='ocr_line' id='line_1_21' title="bbox 65 2367 553 2447; baseline -0.004 -16"><span class='ocrx_word' id='word_1_175' title='bbox 65 2368 133 2431; x_wconf 92' lang='lat' dir='ltr'><strong>bau</strong></span> <span class='ocrx_word' id='word_1_176' title='bbox 158 2369 200 2431; x_wconf 85' lang='grc'><strong>82</strong></span> <span class='ocrx_word' id='word_1_177' title='bbox 223 2367 294 2431; x_wconf 93' lang='lat' dir='ltr'><strong>coll.</strong></span> <span class='ocrx_word' id='word_1_178' title='bbox 318 2367 400 2432; x_wconf 90' lang='lat' dir='ltr'><strong>Poll.</strong></span> <span class='ocrx_word' id='word_1_179' title='bbox 428 2371 477 2447; x_wconf 87' lang='lat'><strong>10,</strong></span> <span class='ocrx_word' id='word_1_180' title='bbox 502 2368 553 2430; x_wconf 86' lang='lat'><strong>86.</strong></span> 
     </span>
    </p>
   </div>
   <div class='ocr_carea' id='block_1_3' title="bbox 65 2468 1266 3173">
    <p class='ocr_par' dir='ltr' id='par_1_4' title="bbox 65 2468 1266 2870">
     <span class='ocr_line' id='line_1_22' title="bbox 156 2468 1264 2554; baseline 0.005 -23"><span class='ocrx_word' id='word_1_181' title='bbox 156 2468 275 2554; x_wconf 75' lang='grc' dir='ltr'><strong><em>ονφεὸς</em></strong></span> <span class='ocrx_word' id='word_1_182' title='bbox 308 2470 500 2536; x_wconf 90' lang='lat' dir='ltr'><strong>vocabulum</strong></span> <span class='ocrx_word' id='word_1_183' title='bbox 536 2470 693 2534; x_wconf 87' lang='lat' dir='ltr'><strong>obscurae</strong></span> <span class='ocrx_word' id='word_1_184' title='bbox 728 2470 929 2536; x_wconf 84' lang='lat' dir='ltr'><strong>formationis</strong></span> <span class='ocrx_word' id='word_1_185' title='bbox 964 2508 1004 2517; x_wconf 94' lang='lat'><strong>-—</strong></span> <span class='ocrx_word' id='word_1_186' title='bbox 1040 2489 1145 2550; x_wconf 89' lang='lat' dir='ltr'><strong>neque</strong></span> <span class='ocrx_word' id='word_1_187' title='bbox 1180 2471 1264 2536; x_wconf 88' lang='lat' dir='ltr'><strong>enirn</strong></span> 
     </span>
     <span class='ocr_line' id='line_1_23' title="bbox 66 2571 1266 2659; baseline 0.001 -24"><span class='ocrx_word' id='word_1_188' title='bbox 66 2571 176 2651; x_wconf 79' lang='lat' dir='ltr'><strong>placet</strong></span> <span class='ocrx_word' id='word_1_189' title='bbox 205 2572 310 2637; x_wconf 80' lang='lat' dir='ltr'><strong>Fickii</strong></span> <span class='ocrx_word' id='word_1_190' title='bbox 340 2575 485 2658; x_wconf 78' lang='lat'>(1³699)</span> <span class='ocrx_word' id='word_1_191' title='bbox 517 2575 693 2659; x_wconf 61' lang='lat' dir='ltr'><strong>*ov-osser</strong></span> <span class='ocrx_word' id='word_1_192' title='bbox 722 2590 828 2652; x_wconf 90' lang='lat' dir='ltr'><strong>neque</strong></span> <span class='ocrx_word' id='word_1_193' title='bbox 856 2571 1030 2636; x_wconf 84' lang='lat' dir='ltr'><strong>Schraderi</strong></span> <span class='ocrx_word' id='word_1_194' title='bbox 1060 2572 1142 2656; x_wconf 84' lang='lat' dir='ltr'><strong>(KZ.</strong></span> <span class='ocrx_word' id='word_1_195' title='bbox 1166 2572 1266 2637; x_wconf 88' lang='lat' dir='ltr'><strong>XXX</strong></span> 
     </span>
     <span class='ocr_line' id='line_1_24' title="bbox 65 2676 1264 2761; baseline 0.003 -23"><span class='ocrx_word' id='word_1_196' title='bbox 65 2676 148 2759; x_wconf 81' lang='grc'>483)</span> <span class='ocrx_word' id='word_1_197' title='bbox 171 2676 370 2761; x_wconf 78' lang='grc' dir='ltr'><strong><em>*σν-φησιος</em></strong></span> <span class='ocrx_word' id='word_1_198' title='bbox 394 2714 434 2722; x_wconf 93' lang='grc'>-</span> <span class='ocrx_word' id='word_1_199' title='bbox 458 2676 593 2758; x_wconf 76' lang='lat' dir='ltr'><strong>corripit</strong></span> <span class='ocrx_word' id='word_1_200' title='bbox 615 2676 846 2758; x_wconf 80' lang='lat' dir='ltr'><strong>paenultimam</strong></span> <span class='ocrx_word' id='word_1_201' title='bbox 870 2703 888 2739; x_wconf 86' lang='grc' dir='ltr'><strong><em>κ</em></strong></span> <span class='ocrx_word' id='word_1_202' title='bbox 903 2678 977 2740; x_wconf 85' lang='grc'><strong>238.</strong></span> <span class='ocrx_word' id='word_1_203' title='bbox 1001 2677 1074 2740; x_wconf 79' lang='grc'><strong>320.</strong></span> <span class='ocrx_word' id='word_1_204' title='bbox 1100 2683 1116 2752; x_wconf 81' lang='grc' dir='ltr'><strong>’ξ</strong></span> <span class='ocrx_word' id='word_1_205' title='bbox 1138 2679 1188 2740; x_wconf 86' lang='grc'><strong>13.</strong></span> <span class='ocrx_word' id='word_1_206' title='bbox 1213 2679 1264 2756; x_wconf 73' lang='lat'><strong>73,</strong></span> 
     </span>
     <span class='ocr_line' id='line_1_25' title="bbox 66 2778 1143 2870; baseline 0.005 -29"><span class='ocrx_word' id='word_1_207' title='bbox 66 2778 219 2858; x_wconf 82' lang='lat' dir='ltr'><strong>producit</strong></span> <span class='ocrx_word' id='word_1_208' title='bbox 240 2779 273 2843; x_wconf 88' lang='lat' dir='ltr'><strong>in</strong></span> <span class='ocrx_word' id='word_1_209' title='bbox 297 2779 387 2844; x_wconf 78' lang='lat' dir='ltr'><strong>exitu</strong></span> <span class='ocrx_word' id='word_1_210' title='bbox 411 2798 527 2847; x_wconf 85' lang='lat' dir='ltr'><strong>versus</strong></span> <span class='ocrx_word' id='word_1_211' title='bbox 550 2809 567 2845; x_wconf 97' lang='grc' dir='ltr'><strong><em>κ</em></strong></span> <span class='ocrx_word' id='word_1_212' title='bbox 589 2784 653 2846; x_wconf 82' lang='grc'><strong>389</strong></span> <span class='ocrx_word' id='word_1_213' title='bbox 678 2781 781 2865; x_wconf 79' lang='grc' dir='ltr'><strong><em>θύρας</em></strong></span> <span class='ocrx_word' id='word_1_214' title='bbox 806 2781 836 2845; x_wconf 78' lang='grc' dir='ltr'><strong>δ’</strong></span> <span class='ocrx_word' id='word_1_215' title='bbox 861 2779 975 2870; x_wconf 76' lang='grc' dir='ltr'><strong><em>ἀνέῳγε</em></strong></span> <span class='ocrx_word' id='word_1_216' title='bbox 999 2787 1143 2868; x_wconf 74' lang='grc' dir='ltr'><strong><em>συφειοῦ.</em></strong></span> 
     </span>
    </p>

    <p class='ocr_par' dir='ltr' id='par_1_5' title="bbox 66 2881 1265 3173">
     <span class='ocr_line' id='line_1_26' title="bbox 155 2881 1265 2964; baseline 0.005 -20"><span class='ocrx_word' id='word_1_217' title='bbox 155 2881 329 2948; x_wconf 83' lang='lat' dir='ltr'><strong>Adiectiva</strong></span> <span class='ocrx_word' id='word_1_218' title='bbox 356 2884 504 2951; x_wconf 85' lang='lat' dir='ltr'><strong>verbalia</strong></span> <span class='ocrx_word' id='word_1_219' title='bbox 532 2903 615 2964; x_wconf 88' lang='lat' dir='ltr'><strong>qnae</strong></span> <span class='ocrx_word' id='word_1_220' title='bbox 647 2887 769 2951; x_wconf 89' lang='lat' dir='ltr'><strong>cadunt</strong></span> <span class='ocrx_word' id='word_1_221' title='bbox 798 2884 831 2949; x_wconf 93' lang='lat' dir='ltr'><strong>in</strong></span> <span class='ocrx_word' id='word_1_222' title='bbox 863 2888 952 2962; x_wconf 77' lang='grc' dir='ltr'><strong><em>-κέος</em></strong></span> <span class='ocrx_word' id='word_1_223' title='bbox 981 2905 1045 2951; x_wconf 93' lang='lat' dir='ltr'><strong>non</strong></span> <span class='ocrx_word' id='word_1_224' title='bbox 1077 2886 1265 2953; x_wconf 77' lang='grc' dir='ltr'><strong>1101111111ι</strong></span> 
     </span>
     <span class='ocr_line' id='line_1_27' title="bbox 66 2984 1265 3073; baseline 0.003 -24"><span class='ocrx_word' id='word_1_225' title='bbox 66 2984 214 3049; x_wconf 85' lang='lat' dir='ltr'><strong>vocalem</strong></span> <span class='ocrx_word' id='word_1_226' title='bbox 246 2984 470 3050; x_wconf 83' lang='lat' dir='ltr'><strong>intermediam</strong></span> <span class='ocrx_word' id='word_1_227' title='bbox 503 2986 648 3051; x_wconf 85' lang='lat' dir='ltr'><strong>amisisse</strong></span> <span class='ocrx_word' id='word_1_228' title='bbox 679 2987 935 3071; x_wconf 77' lang='lat' dir='ltr'><strong>(Wackernagel</strong></span> <span class='ocrx_word' id='word_1_229' title='bbox 965 2989 1033 3053; x_wconf 89' lang='lat' dir='ltr'><strong>KZ.</strong></span> <span class='ocrx_word' id='word_1_230' title='bbox 1056 2989 1152 3053; x_wconf 87' lang='lat' dir='ltr'><strong>XXV</strong></span> <span class='ocrx_word' id='word_1_231' title='bbox 1176 2989 1265 3073; x_wconf 80' lang='grc'><strong>214),</strong></span> 
     </span>
     <span class='ocr_line' id='line_1_28' title="bbox 67 3086 1265 3173; baseline 0.005 -22"><span class='ocrx_word' id='word_1_232' title='bbox 67 3086 225 3166; x_wconf 89' lang='lat' dir='ltr'><strong>quidquid</strong></span> <span class='ocrx_word' id='word_1_233' title='bbox 263 3088 355 3152; x_wconf 87' lang='lat' dir='ltr'><strong>multi</strong></span> <span class='ocrx_word' id='word_1_234' title='bbox 393 3094 508 3154; x_wconf 87' lang='lat' dir='ltr'><strong>contra</strong></span> <span class='ocrx_word' id='word_1_235' title='bbox 545 3091 765 3169; x_wconf 87' lang='lat' dir='ltr'><strong>disputarunt.</strong></span> <span class='ocrx_word' id='word_1_236' title='bbox 818 3093 848 3155; x_wconf 84' lang='lat' dir='ltr'>A</span> <span class='ocrx_word' id='word_1_237' title='bbox 886 3090 1002 3170; x_wconf 88' lang='lat' dir='ltr'><strong>quibus</strong></span> <span class='ocrx_word' id='word_1_238' title='bbox 1041 3091 1165 3173; x_wconf 84' lang='lat' dir='ltr'><strong>origine</strong></span> <span class='ocrx_word' id='word_1_239' title='bbox 1201 3111 1265 3158; x_wconf 93' lang='lat' dir='ltr'><strong>uon</strong></span> 
     </span>
    </p>
   </div>
   <div class='ocr_carea' id='block_1_4' title="bbox 66 3326 1268 4612">
    <p class='ocr_par' dir='ltr' id='par_1_6' title="bbox 67 3326 1265 3572">
     <span class='ocr_line' id='line_1_29' title="bbox 67 3326 1264 3404; baseline 0 -23"><span class='ocrx_word' id='word_1_240' title='bbox 67 3332 111 3392; x_wconf 73' lang='grc' dir='ltr'><strong>εἴη</strong></span> <span class='ocrx_word' id='word_1_241' title='bbox 141 3326 279 3382; x_wconf 82' lang='lat' dir='ltr'><strong>scribitur.</strong></span> <span class='ocrx_word' id='word_1_242' title='bbox 316 3328 454 3382; x_wconf 84' lang='lat' dir='ltr'><strong>Aliorsum</strong></span> <span class='ocrx_word' id='word_1_243' title='bbox 485 3335 593 3397; x_wconf 84' lang='lat' dir='ltr'><strong>spectat</strong></span> <span class='ocrx_word' id='word_1_244' title='bbox 623 3327 687 3381; x_wconf 89' lang='lat' dir='ltr'><strong>lles.</strong></span> <span class='ocrx_word' id='word_1_245' title='bbox 716 3328 766 3395; x_wconf 88' lang='lat' dir='ltr'><strong>Op.</strong></span> <span class='ocrx_word' id='word_1_246' title='bbox 796 3335 843 3382; x_wconf 81' lang='lat'><strong>501</strong></span> <span class='ocrx_word' id='word_1_247' title='bbox 874 3333 912 3399; x_wconf 75' lang='grc' dir='ltr'><strong>τῷ</strong></span> <span class='ocrx_word' id='word_1_248' title='bbox 939 3330 977 3399; x_wconf 67' lang='grc' dir='ltr'><strong>μὴ</strong></span> <span class='ocrx_word' id='word_1_249' title='bbox 1006 3337 1067 3400; x_wconf 72' lang='grc' dir='ltr'><strong><em>βίος</em></strong></span> <span class='ocrx_word' id='word_1_250' title='bbox 1095 3334 1194 3404; x_wconf 72' lang='grc' dir='ltr'><strong><em>ἄρκιος</em></strong></span> <span class='ocrx_word' id='word_1_251' title='bbox 1222 3338 1264 3397; x_wconf 67' lang='grc' dir='ltr'><strong>εἴη</strong></span> 
     </span>
     <span class='ocr_line' id='line_1_30' title="bbox 67 3410 1265 3487; baseline 0.003 -21"><span class='ocrx_word' id='word_1_252' title='bbox 67 3410 381 3483; x_wconf 75' lang='lat' dir='ltr'><strong>(Schneidewin-Nauck</strong></span> <span class='ocrx_word' id='word_1_253' title='bbox 406 3415 441 3470; x_wconf 90' lang='grc'><strong>10</strong></span> <span class='ocrx_word' id='word_1_254' title='bbox 467 3414 550 3483; x_wconf 88' lang='lat' dir='ltr'><strong>Soph.</strong></span> <span class='ocrx_word' id='word_1_255' title='bbox 579 3414 637 3468; x_wconf 88' lang='lat' dir='ltr'><strong>OR.</strong></span> <span class='ocrx_word' id='word_1_256' title='bbox 656 3420 726 3481; x_wconf 74' lang='lat'>815).</span> <span class='ocrx_word' id='word_1_257' title='bbox 763 3414 913 3483; x_wconf 85' lang='lat' dir='ltr'><strong>Sophronis</strong></span> <span class='ocrx_word' id='word_1_258' title='bbox 940 3423 988 3471; x_wconf 73' lang='grc' dir='ltr'><strong>εἴω</strong></span> <span class='ocrx_word' id='word_1_259' title='bbox 1015 3417 1061 3484; x_wconf 82' lang='lat' dir='ltr'><strong>(ir.</strong></span> <span class='ocrx_word' id='word_1_260' title='bbox 1084 3423 1099 3469; x_wconf 81' lang='grc'>2</span> <span class='ocrx_word' id='word_1_261' title='bbox 1125 3419 1203 3487; x_wconf 77' lang='lat' dir='ltr'><strong>Ahr.)</strong></span> <span class='ocrx_word' id='word_1_262' title='bbox 1229 3418 1265 3474; x_wconf 86' lang='grc'><strong>10</strong></span> 
     </span>
     <span class='ocr_line' id='line_1_31' title="bbox 67 3501 1116 3572; baseline 0.003 -18"><span class='ocrx_word' id='word_1_263' title='bbox 67 3501 130 3569; x_wconf 67' lang='grc' dir='ltr'><strong><em>εἶμι</em></strong></span> <span class='ocrx_word' id='word_1_264' title='bbox 148 3501 288 3567; x_wconf 85' lang='lat' dir='ltr'><strong>pertinere</strong></span> <span class='ocrx_word' id='word_1_265' title='bbox 307 3502 426 3568; x_wconf 85' lang='lat' dir='ltr'><strong>(Alrrens</strong></span> <span class='ocrx_word' id='word_1_266' title='bbox 444 3503 471 3555; x_wconf 92' lang='lat' dir='ltr'><strong>ll</strong></span> <span class='ocrx_word' id='word_1_267' title='bbox 490 3508 550 3569; x_wconf 74' lang='lat'><strong>340,</strong></span> <span class='ocrx_word' id='word_1_268' title='bbox 569 3504 595 3569; x_wconf 80' lang='lat' dir='ltr'><strong>t)</strong></span> <span class='ocrx_word' id='word_1_269' title='bbox 613 3515 711 3556; x_wconf 85' lang='lat' dir='ltr'><strong>moneo</strong></span> <span class='ocrx_word' id='word_1_270' title='bbox 729 3509 826 3557; x_wconf 86' lang='lat' dir='ltr'><strong>contra</strong></span> <span class='ocrx_word' id='word_1_271' title='bbox 845 3503 999 3572; x_wconf 79' lang='lat' dir='ltr'><strong>Smythinm</strong></span> <span class='ocrx_word' id='word_1_272' title='bbox 1019 3510 1060 3557; x_wconf 85' lang='lat' dir='ltr'><strong>El</strong></span> <span class='ocrx_word' id='word_1_273' title='bbox 1075 3509 1116 3558; x_wconf 80' lang='grc'><strong>00.</strong></span> 
     </span>
    </p>

    <p class='ocr_par' dir='ltr' id='par_1_7' title="bbox 66 3587 1268 4531">
     <span class='ocr_line' id='line_1_32' title="bbox 141 3587 1266 3659; baseline 0.004 -18"><span class='ocrx_word' id='word_1_274' title='bbox 141 3591 162 3652; x_wconf 84' lang='lat'><strong>¹)</strong></span> <span class='ocrx_word' id='word_1_275' title='bbox 180 3587 270 3642; x_wconf 79' lang='lat' dir='ltr'><strong>Aliter</strong></span> <span class='ocrx_word' id='word_1_276' title='bbox 293 3596 481 3656; x_wconf 82' lang='lat' dir='ltr'><strong>comparatum</strong></span> <span class='ocrx_word' id='word_1_277' title='bbox 501 3589 658 3655; x_wconf 82' lang='lat' dir='ltr'><strong>exemplum</strong></span> <span class='ocrx_word' id='word_1_278' title='bbox 677 3590 768 3644; x_wconf 84' lang='lat' dir='ltr'><strong>Cauer</strong></span> <span class='ocrx_word' id='word_1_279' title='bbox 787 3595 797 3626; x_wconf 72' lang='lat'><strong>²</strong></span> <span class='ocrx_word' id='word_1_280' title='bbox 814 3605 855 3647; x_wconf 84' lang='lat' dir='ltr'><strong>nr.</strong></span> <span class='ocrx_word' id='word_1_281' title='bbox 874 3596 916 3658; x_wconf 74' lang='lat' dir='ltr'><strong>tr,</strong></span> <span class='ocrx_word' id='word_1_282' title='bbox 935 3597 968 3644; x_wconf 82' lang='grc'><strong>43</strong></span> <span class='ocrx_word' id='word_1_283' title='bbox 982 3608 1020 3659; x_wconf 87' lang='lat' dir='ltr'><strong>sq.</strong></span> <span class='ocrx_word' id='word_1_284' title='bbox 1042 3590 1081 3646; x_wconf 75' lang='grc' dir='ltr'><strong><em>ιῖν</em></strong></span> <span class='ocrx_word' id='word_1_285' title='bbox 1101 3593 1132 3645; x_wconf 77' lang='grc' dir='ltr'><strong>δέ</strong></span> <span class='ocrx_word' id='word_1_286' title='bbox 1150 3612 1192 3651; x_wconf 71' lang='grc' dir='ltr'><strong><em>τις</em></strong></span> <span class='ocrx_word' id='word_1_287' title='bbox 1212 3594 1266 3646; x_wconf 76' lang='grc' dir='ltr'><strong><em>τῶν</em></strong></span> 
     </span>
     <span class='ocr_line' id='line_1_33' title="bbox 68 3673 1266 3747; baseline 0.004 -22"><span class='ocrx_word' id='word_1_288' title='bbox 68 3673 258 3747; x_wconf 70' lang='grc' dir='ltr'><strong><em>ῥαβδοφόρων</em></strong></span> <span class='ocrx_word' id='word_1_289' title='bbox 276 3674 314 3743; x_wconf 73' lang='grc' dir='ltr'><strong>μὴ</strong></span> <span class='ocrx_word' id='word_1_290' title='bbox 334 3685 414 3729; x_wconf 79' lang='grc' dir='ltr'><strong><em>ποιεῖ</em></strong></span> <span class='ocrx_word' id='word_1_291' title='bbox 431 3673 527 3734; x_wconf 77' lang='grc' dir='ltr'><strong><em>καθὼς</em></strong></span> <span class='ocrx_word' id='word_1_292' title='bbox 546 3681 705 3744; x_wconf 76' lang='grc' dir='ltr'><strong><em>γέγραπται</em></strong></span> <span class='ocrx_word' id='word_1_293' title='bbox 719 3674 734 3740; x_wconf 77' lang='lat' dir='ltr'><strong>&#39;i</strong></span> <span class='ocrx_word' id='word_1_294' title='bbox 754 3678 822 3728; x_wconf 76' lang='grc' dir='ltr'><strong><em>ἄλλο</em></strong></span> <span class='ocrx_word' id='word_1_295' title='bbox 840 3696 866 3729; x_wconf 77' lang='grc' dir='ltr'><strong><em>τι</em></strong></span> <span class='ocrx_word' id='word_1_296' title='bbox 882 3677 979 3730; x_wconf 71' lang='grc' dir='ltr'><strong><em>α’δικοῑ</em></strong></span> <span class='ocrx_word' id='word_1_297' title='bbox 998 3676 1012 3743; x_wconf 80' lang='grc' dir='ltr'><em>ἢ</em></span> <span class='ocrx_word' id='word_1_298' title='bbox 1032 3687 1115 3730; x_wconf 78' lang='grc' dir='ltr'><strong><em>ποιοῖ</em></strong></span> <span class='ocrx_word' id='word_1_299' title='bbox 1131 3692 1211 3745; x_wconf 83' lang='lat' dir='ltr'><strong>quam</strong></span> <span class='ocrx_word' id='word_1_300' title='bbox 1226 3678 1266 3731; x_wconf 87' lang='lat' dir='ltr'><strong>in·</strong></span> 
     </span>
     <span class='ocr_line' id='line_1_34' title="bbox 68 3760 1264 3836; baseline 0.003 -22"><span class='ocrx_word' id='word_1_301' title='bbox 68 3761 283 3816; x_wconf 86' lang='lat' dir='ltr'><strong>concinnitatem</strong></span> <span class='ocrx_word' id='word_1_302' title='bbox 302 3762 377 3816; x_wconf 88' lang='lat' dir='ltr'><strong>haud</strong></span> <span class='ocrx_word' id='word_1_303' title='bbox 396 3764 451 3817; x_wconf 87' lang='lat' dir='ltr'><strong>scio</strong></span> <span class='ocrx_word' id='word_1_304' title='bbox 470 3779 506 3817; x_wconf 88' lang='lat' dir='ltr'><strong>an</strong></span> <span class='ocrx_word' id='word_1_305' title='bbox 532 3763 618 3817; x_wconf 85' lang='lat' dir='ltr'><strong>tutari</strong></span> <span class='ocrx_word' id='word_1_306' title='bbox 637 3761 720 3815; x_wconf 86' lang='lat' dir='ltr'><strong>liceat</strong></span> <span class='ocrx_word' id='word_1_307' title='bbox 744 3761 803 3816; x_wconf 91' lang='lat' dir='ltr'><strong>loco</strong></span> <span class='ocrx_word' id='word_1_308' title='bbox 826 3760 965 3816; x_wconf 88' lang='lat' dir='ltr'><strong>homerico</strong></span> <span class='ocrx_word' id='word_1_309' title='bbox 990 3769 1025 3816; x_wconf 88' lang='grc' dir='ltr'><em>Π</em></span> <span class='ocrx_word' id='word_1_310' title='bbox 1041 3767 1090 3816; x_wconf 73' lang='grc'><strong>641</strong></span> <span class='ocrx_word' id='word_1_311' title='bbox 1110 3778 1168 3831; x_wconf 89' lang='lat' dir='ltr'><strong>sqq.</strong></span> <span class='ocrx_word' id='word_1_312' title='bbox 1192 3783 1264 3836; x_wconf 83' lang='grc' dir='ltr'><em>μερ-</em></span> 
     </span>
     <span class='ocr_line' id='line_1_35' title="bbox 66 3848 1266 3924; baseline 0.004 -23"><span class='ocrx_word' id='word_1_313' title='bbox 66 3852 193 3919; x_wconf 77' lang='grc' dir='ltr'><strong><em>μηρίζων</em></strong></span> <span class='ocrx_word' id='word_1_314' title='bbox 217 3850 233 3916; x_wconf 78' lang='lat' dir='ltr'><strong>&#39;i</strong></span> <span class='ocrx_word' id='word_1_315' title='bbox 257 3880 289 3889; x_wconf 92' lang='lat'>-</span> <span class='ocrx_word' id='word_1_316' title='bbox 310 3851 400 3924; x_wconf 75' lang='grc' dir='ltr'><strong><em>δῃώσῃ</em></strong></span> <span class='ocrx_word' id='word_1_317' title='bbox 429 3853 488 3905; x_wconf 68' lang='lat' dir='ltr'><strong>riuti</strong></span> <span class='ocrx_word' id='word_1_318' title='bbox 517 3850 539 3903; x_wconf 80' lang='grc' dir='ltr'><strong><em>ν’</em></strong></span> <span class='ocrx_word' id='word_1_319' title='bbox 568 3853 654 3918; x_wconf 84' lang='grc' dir='ltr'><strong><em>ὤμων</em></strong></span> <span class='ocrx_word' id='word_1_320' title='bbox 681 3849 768 3920; x_wconf 75' lang='grc' dir='ltr'><em>τεύχε’</em></span> <span class='ocrx_word' id='word_1_321' title='bbox 795 3850 886 3915; x_wconf 70' lang='lat' dir='ltr'><strong>taqua</strong></span> <span class='ocrx_word' id='word_1_322' title='bbox 915 3848 930 3916; x_wconf 74' lang='grc' dir='ltr'><em>ἢ</em></span> <span class='ocrx_word' id='word_1_323' title='bbox 959 3853 1000 3904; x_wconf 77' lang='grc' dir='ltr'><strong>ἔτι</strong></span> <span class='ocrx_word' id='word_1_324' title='bbox 1028 3857 1074 3903; x_wconf 83' lang='grc' dir='ltr'><strong><em>καὶ</em></strong></span> <span class='ocrx_word' id='word_1_325' title='bbox 1099 3852 1266 3906; x_wconf 75' lang='grc' dir='ltr'><strong><em>πλεόνεσσιν</em></strong></span> 
     </span>
     <span class='ocr_line' id='line_1_36' title="bbox 68 3935 1266 4007; baseline 0 -16"><span class='ocrx_word' id='word_1_326' title='bbox 68 3938 212 4007; x_wconf 69' lang='grc' dir='ltr'><strong><em>ὀφείλειεν</em></strong></span> <span class='ocrx_word' id='word_1_327' title='bbox 231 3938 323 3991; x_wconf 82' lang='grc' dir='ltr'><strong><em>πόνον</em></strong></span> <span class='ocrx_word' id='word_1_328' title='bbox 342 3939 438 3992; x_wconf 66' lang='lat' dir='ltr'><strong>aruir.</strong></span> <span class='ocrx_word' id='word_1_329' title='bbox 476 3935 579 4003; x_wconf 81' lang='lat' dir='ltr'><strong>Quibus</strong></span> <span class='ocrx_word' id='word_1_330' title='bbox 598 3936 689 3992; x_wconf 84' lang='lat' dir='ltr'><strong>facere</strong></span> <span class='ocrx_word' id='word_1_331' title='bbox 709 3953 764 3991; x_wconf 92' lang='lat' dir='ltr'><strong>non</strong></span> <span class='ocrx_word' id='word_1_332' title='bbox 782 3953 892 4006; x_wconf 86' lang='lat' dir='ltr'><strong>possum</strong></span> <span class='ocrx_word' id='word_1_333' title='bbox 911 3937 977 4007; x_wconf 89' lang='lat' dir='ltr'><strong>quin</strong></span> <span class='ocrx_word' id='word_1_334' title='bbox 995 3937 1164 3992; x_wconf 82' lang='lat' dir='ltr'><strong>subscribam</strong></span> <span class='ocrx_word' id='word_1_335' title='bbox 1184 3952 1266 4004; x_wconf 87' lang='lat' dir='ltr'><strong>qnae·</strong></span> 
     </span>
     <span class='ocr_line' id='line_1_37' title="bbox 69 4022 1268 4093; baseline 0.001 -15"><span class='ocrx_word' id='word_1_336' title='bbox 69 4023 135 4078; x_wconf 84' lang='lat' dir='ltr'><strong>dam</strong></span> <span class='ocrx_word' id='word_1_337' title='bbox 153 4024 246 4091; x_wconf 78' lang='lat' dir='ltr'><strong>gotico</strong></span> <span class='ocrx_word' id='word_1_338' title='bbox 271 4038 306 4077; x_wconf 82' lang='lat' dir='ltr'><strong>ex</strong></span> <span class='ocrx_word' id='word_1_339' title='bbox 329 4022 467 4076; x_wconf 79' lang='lat' dir='ltr'><strong>Matthaei</strong></span> <span class='ocrx_word' id='word_1_340' title='bbox 492 4024 635 4092; x_wconf 82' lang='lat' dir='ltr'><strong>evangelio</strong></span> <span class='ocrx_word' id='word_1_341' title='bbox 654 4031 685 4093; x_wconf 79' lang='lat' dir='ltr'><strong>b,</strong></span> <span class='ocrx_word' id='word_1_342' title='bbox 707 4030 737 4077; x_wconf 83' lang='lat'><strong>19</strong></span> <span class='ocrx_word' id='word_1_343' title='bbox 764 4025 803 4093; x_wconf 82' lang='lat' dir='ltr'><strong>‘ip</strong></span> <span class='ocrx_word' id='word_1_344' title='bbox 821 4026 879 4080; x_wconf 86' lang='lat' dir='ltr'><strong>saei</strong></span> <span class='ocrx_word' id='word_1_345' title='bbox 903 4041 940 4079; x_wconf 93' lang='lat' dir='ltr'><strong>nu</strong></span> <span class='ocrx_word' id='word_1_346' title='bbox 965 4023 1089 4092; x_wconf 80' lang='lat' dir='ltr'><strong>gatairib</strong></span> <span class='ocrx_word' id='word_1_347' title='bbox 1108 4023 1184 4092; x_wconf 89' lang='lat' dir='ltr'><strong>(ind.)</strong></span> <span class='ocrx_word' id='word_1_348' title='bbox 1201 4025 1268 4079; x_wconf 86' lang='lat' dir='ltr'><strong>aina</strong></span> 
     </span>
     <span class='ocr_line' id='line_1_38' title="bbox 68 4107 1267 4180; baseline 0 -16"><span class='ocrx_word' id='word_1_349' title='bbox 68 4108 213 4165; x_wconf 82' lang='lat' dir='ltr'><strong>anabusne</strong></span> <span class='ocrx_word' id='word_1_350' title='bbox 229 4108 279 4178; x_wconf 84' lang='lat' dir='ltr'><strong>jah</strong></span> <span class='ocrx_word' id='word_1_351' title='bbox 299 4107 391 4175; x_wconf 84' lang='lat' dir='ltr'><strong>laisjai</strong></span> <span class='ocrx_word' id='word_1_352' title='bbox 415 4110 490 4177; x_wconf 86' lang='lat' dir='ltr'><strong>(opt.)</strong></span> <span class='ocrx_word' id='word_1_353' title='bbox 514 4125 562 4164; x_wconf 78' lang='lat' dir='ltr'><strong>sva</strong></span> <span class='ocrx_word' id='word_1_354' title='bbox 586 4127 679 4179; x_wconf 86' lang='lat' dir='ltr'><strong>mans,</strong></span> <span class='ocrx_word' id='word_1_355' title='bbox 702 4112 834 4167; x_wconf 85' lang='lat' dir='ltr'><strong>minnista</strong></span> <span class='ocrx_word' id='word_1_356' title='bbox 857 4111 974 4167; x_wconf 85' lang='lat' dir='ltr'><strong>haitada</strong></span> <span class='ocrx_word' id='word_1_357' title='bbox 997 4112 1026 4165; x_wconf 91' lang='lat' dir='ltr'><strong>in</strong></span> <span class='ocrx_word' id='word_1_358' title='bbox 1051 4109 1267 4180; x_wconf 79' lang='lat' dir='ltr'><strong>piudangardjai</strong></span> 
     </span>
     <span class='ocr_line' id='line_1_39' title="bbox 68 4195 1266 4268; baseline -0.002 -18"><span class='ocrx_word' id='word_1_359' title='bbox 68 4197 189 4265; x_wconf 80' lang='lat' dir='ltr'><strong>himine3</strong></span> <span class='ocrx_word' id='word_1_360' title='bbox 215 4197 244 4266; x_wconf 82' lang='lat' dir='ltr'><strong>ip</strong></span> <span class='ocrx_word' id='word_1_361' title='bbox 263 4198 322 4253; x_wconf 86' lang='lat' dir='ltr'><strong>saei</strong></span> <span class='ocrx_word' id='word_1_362' title='bbox 339 4196 429 4266; x_wconf 84' lang='lat' dir='ltr'><strong>taujip</strong></span> <span class='ocrx_word' id='word_1_363' title='bbox 449 4195 526 4266; x_wconf 86' lang='lat' dir='ltr'><strong>(ind.)</strong></span> <span class='ocrx_word' id='word_1_364' title='bbox 543 4197 594 4264; x_wconf 83' lang='lat' dir='ltr'><strong>jah</strong></span> <span class='ocrx_word' id='word_1_365' title='bbox 617 4198 709 4268; x_wconf 88' lang='lat' dir='ltr'><strong>laisjai</strong></span> <span class='ocrx_word' id='word_1_366' title='bbox 727 4201 805 4268; x_wconf 79' lang='lat' dir='ltr'><strong>(opt.)</strong></span> <span class='ocrx_word' id='word_1_367' title='bbox 824 4216 885 4265; x_wconf 83' lang='lat' dir='ltr'><strong>sva,</strong></span> <span class='ocrx_word' id='word_1_368' title='bbox 911 4199 960 4254; x_wconf 88' lang='lat' dir='ltr'><strong>sah</strong></span> <span class='ocrx_word' id='word_1_369' title='bbox 980 4198 1071 4252; x_wconf 88' lang='lat' dir='ltr'><strong>mikils</strong></span> <span class='ocrx_word' id='word_1_370' title='bbox 1090 4197 1214 4252; x_wconf 84' lang='lat' dir='ltr'><strong>haitada’</strong></span> <span class='ocrx_word' id='word_1_371' title='bbox 1233 4223 1266 4248; x_wconf 92' lang='lat'>=</span> 
     </span>
     <span class='ocr_line' id='line_1_40' title="bbox 70 4280 1266 4361; baseline -0.002 -23"><span class='ocrx_word' id='word_1_372' title='bbox 70 4280 102 4344; x_wconf 80' lang='grc' dir='ltr'><strong>ὃς</strong></span> <span class='ocrx_word' id='word_1_373' title='bbox 122 4283 173 4339; x_wconf 75' lang='grc' dir='ltr'><strong><em>ἐὰν</em></strong></span> <span class='ocrx_word' id='word_1_374' title='bbox 193 4281 245 4339; x_wconf 80' lang='grc' dir='ltr'><strong><em>οὖν</em></strong></span> <span class='ocrx_word' id='word_1_375' title='bbox 270 4287 337 4358; x_wconf 69' lang='grc' dir='ltr'><strong>λύσῃ</strong></span> <span class='ocrx_word' id='word_1_376' title='bbox 362 4290 433 4353; x_wconf 80' lang='grc' dir='ltr'><strong><em>μίαν</em></strong></span> <span class='ocrx_word' id='word_1_377' title='bbox 458 4285 514 4338; x_wconf 79' lang='grc' dir='ltr'><strong><em>τῶν</em></strong></span> <span class='ocrx_word' id='word_1_378' title='bbox 539 4286 658 4339; x_wconf 75' lang='grc' dir='ltr'><strong><em>ἐντολῶν</em></strong></span> <span class='ocrx_word' id='word_1_379' title='bbox 682 4292 728 4339; x_wconf 84' lang='grc' dir='ltr'><strong><em>καὶ</em></strong></span> <span class='ocrx_word' id='word_1_380' title='bbox 754 4286 853 4361; x_wconf 62' lang='grc' dir='ltr'><strong><em>διδάξῃ</em></strong></span> <span class='ocrx_word' id='word_1_381' title='bbox 880 4281 967 4346; x_wconf 75' lang='grc' dir='ltr'><strong><em>οὕτως</em></strong></span> <span class='ocrx_word' id='word_1_382' title='bbox 991 4287 1056 4346; x_wconf 76' lang='grc' dir='ltr'><strong><em>τοὺς</em></strong></span> <span class='ocrx_word' id='word_1_383' title='bbox 1083 4286 1266 4359; x_wconf 61' lang='lat' dir='ltr'><strong>(tarquinum,</strong></span> 
     </span>
     <span class='ocr_line' id='line_1_41' title="bbox 71 4371 1266 4448; baseline -0.001 -23"><span class='ocrx_word' id='word_1_384' title='bbox 71 4372 219 4443; x_wconf 73' lang='grc' dir='ltr'><strong><em>ἐλάχιστος</em></strong></span> <span class='ocrx_word' id='word_1_385' title='bbox 244 4374 411 4437; x_wconf 71' lang='grc' dir='ltr'><strong><em>κληθήσεται</em></strong></span> <span class='ocrx_word' id='word_1_386' title='bbox 436 4374 467 4425; x_wconf 78' lang='grc' dir='ltr'><strong><em>ἐν</em></strong></span> <span class='ocrx_word' id='word_1_387' title='bbox 492 4372 522 4443; x_wconf 73' lang='grc' dir='ltr'><strong>τῇ</strong></span> <span class='ocrx_word' id='word_1_388' title='bbox 547 4376 673 4442; x_wconf 72' lang='grc' dir='ltr'><strong><em>βασιλείᾳ</em></strong></span> <span class='ocrx_word' id='word_1_389' title='bbox 697 4373 752 4425; x_wconf 79' lang='grc' dir='ltr'><strong><em>τῶν</em></strong></span> <span class='ocrx_word' id='word_1_390' title='bbox 777 4375 915 4448; x_wconf 76' lang='grc' dir='ltr'><strong><em>οδραναῖν·</em></strong></span> <span class='ocrx_word' id='word_1_391' title='bbox 939 4373 970 4434; x_wconf 83' lang='grc' dir='ltr'><strong>ὃς</strong></span> <span class='ocrx_word' id='word_1_392' title='bbox 994 4373 1020 4426; x_wconf 81' lang='grc' dir='ltr'><strong>δ’</strong></span> <span class='ocrx_word' id='word_1_393' title='bbox 1043 4371 1080 4429; x_wconf 74' lang='grc' dir='ltr'><strong><em>ἄν</em></strong></span> <span class='ocrx_word' id='word_1_394' title='bbox 1098 4374 1201 4445; x_wconf 67' lang='grc' dir='ltr'><strong><em>ποιήσῃ</em></strong></span> <span class='ocrx_word' id='word_1_395' title='bbox 1219 4378 1266 4424; x_wconf 81' lang='grc' dir='ltr'><strong><em>καὶ</em></strong></span> 
     </span>
     <span class='ocr_line' id='line_1_42' title="bbox 73 4450 591 4531; baseline 0.008 -21"><span class='ocrx_word' id='word_1_396' title='bbox 73 4458 185 4531; x_wconf 76' lang='grc' dir='ltr'><strong><em>διδάξῃ,</em></strong></span> <span class='ocrx_word' id='word_1_397' title='bbox 206 4450 288 4521; x_wconf 76' lang='grc' dir='ltr'><strong><em>οὗτος</em></strong></span> <span class='ocrx_word' id='word_1_398' title='bbox 306 4466 398 4530; x_wconf 75' lang='grc' dir='ltr'><em>μέγας</em></span> <span class='ocrx_word' id='word_1_399' title='bbox 416 4461 591 4526; x_wconf 71' lang='grc' dir='ltr'><strong><em>κληθήσεται.</em></strong></span> 
     </span>
    </p>

    <p class='ocr_par' dir='ltr' id='par_1_8' title="bbox 124 4550 1110 4612">
     <span class='ocr_line' id='line_1_43' title="bbox 124 4550 1110 4612; baseline 0 -16"><span class='ocrx_word' id='word_1_400' title='bbox 124 4555 260 4606; x_wconf 70' lang='lat' dir='ltr'><strong>schulsa,</strong></span> <span class='ocrx_word' id='word_1_401' title='bbox 274 4557 425 4605; x_wconf 75' lang='lat' dir='ltr'><strong>Quaestione·</strong></span> <span class='ocrx_word' id='word_1_402' title='bbox 438 4556 523 4605; x_wconf 70' lang='lat' dir='ltr'><strong>aprus.</strong></span> <span class='ocrx_word' id='word_1_403' title='bbox 1069 4550 1110 4612; x_wconf 80' lang='lat'><strong>28</strong></span> 
     </span>
    </p>
   </div>
   <div class='ocr_carea' id='block_1_5' title="bbox 0 0 1490 5018">
    <p class='ocr_par' dir='ltr' id='par_1_9' title="bbox 0 0 1490 5018">
     <span class='ocr_line' id='line_1_44' title="bbox 0 0 1490 5018; baseline 0 0"><span class='ocrx_word' id='word_1_404' title='bbox 0 0 1490 5018; x_wconf 95' lang='lat' dir='ltr'><strong> </strong></span> 
     </span>
    </p>
   </div>
  </div>
 </body>
</html>
