2940 5026
721 208 934 283 ..36-

224 408 373 497 Δανὰης;
410 411 575 494 Theogon.
608 412 681 475 625.
717 412 781 474 634
815 408 954 495 ἠύκομος
985 410 1076 494 Ρενή;
1113 406 1168 472 ubi
1201 408 1422 491 compositae

223 526 331 581 xalta·
347 514 536 596 incipientia
550 513 705 579 inducere
721 530 781 593 per
803 529 934 577 versum
951 515 1050 592 atque
1073 509 1270 576 sententiam
1285 511 1421 592 perinde

221 619 350 685 licebat.
382 618 519 684 Accedit
541 616 626 698 quod
648 616 739 681 nulla
762 614 890 681 omnino
914 633 1014 680 causa
1038 621 1098 696 est,
1122 633 1180 680 cur
1202 614 1309 695 poetis
1326 635 1419 684 voca·

221 725 299 790 bula
322 743 393 790 curn
417 724 452 790 ὲύ
475 722 655 804 composita
676 739 757 802 prae
781 720 853 785 aliis
876 724 970 802 (puta
993 720 1178 807 ἐυκνήμιδες
1200 738 1281 802 prae
1304 731 1419 805 χαλκο-

221 829 381 916 κνήμιδες)
403 827 639 908 quodammodo
667 825 826 906 languere
848 824 921 892 uisa
944 842 1017 889 esse
1040 842 1222 890 sumamus:
1251 843 1311 890 suo
1335 825 1420 891 enim

220 933 291 999 iure
315 931 487 999 adnotavit
510 929 625 996 Collitz
649 929 670 993 l.
693 928 714 992 l.
742 931 803 992 184
826 947 873 1008 sq.
898 930 939 993 ab
961 929 1058 995 huius
1082 928 1156 995 aevi
1179 928 1419 1012 lexicographis

219 1038 253 1104 in
277 1037 461 1103 definiendo
490 1033 721 1101 vocabulorum
752 1050 836 1110 quae
866 1032 929 1098 huc
959 1033 1127 1114 pertinent
1148 1033 1181 1099 vi
1205 1039 1304 1113 atque
1328 1040 1417 1115 pote-

219 1147 307 1207 state
330 1157 490 1223 persaepe
514 1136 641 1220 peccari
672 1135 846 1217 multisque
876 1137 910 1201 in
937 1137 1109 1202 homericis
1138 1137 1296 1219 exemplis
1320 1138 1418 1220 signi-

218 1249 418 1328 ficationem,
443 1251 481 1311 ut
501 1245 549 1310 ita
573 1243 687 1323 dicam,
711 1241 878 1308 fortiorem
903 1248 936 1308 et
959 1242 1053 1323 quasi
1075 1261 1190 1308 sensus
1214 1241 1417 1321 aliquantulo

219 1353 322 1435 magis
367 1351 539 1417 ferientem
584 1348 692 1431 (velut
736 1346 977 1428 starknrdhnig‚
1025 1345 1261 1429 diohtgclockt,
1310 1349 1415 1413 stark-

218 1458 394 1537 strbmend,
419 1456 478 1521 mit
500 1454 668 1536 tilchtigen
691 1452 839 1536 Ridern)
870 1451 1043 1517 manifesto
1066 1451 1276 1533 deprehendi.
1323 1453 1415 1536 Quae

217 1581 289 1628 cum
318 1561 367 1627 ita
395 1561 462 1626 sint
489 1580 555 1626 non
588 1559 653 1624 iam
690 1556 862 1623 offenderis
896 1556 982 1637 quod
1016 1556 1187 1622 formulam
1223 1557 1415 1642 ἐυκνήμιδας

216 1665 370 1750 Ἀχαιούς
401 1663 591 1733 vetustioris
622 1682 695 1750 esse
725 1660 860 1743 originis
890 1680 987 1740 quam
1017 1660 1277 1746 χαλκοκνήμιδας
1307 1668 1347 1727 Η
1372 1666 1410 1728 41

214 1769 284 1850 ipse
322 1770 465 1834 locorum
499 1786 653 1834 numerus
688 1772 801 1849 aperte
840 1765 993 1829 ostendit.
1004 1766 1026 1849 ¹)
1080 1765 1185 1830 Poeta
1220 1764 1322 1847 igitur
1360 1769 1412 1848 qui

216 1880 252 1938 Η
279 1876 319 1938 41
352 1873 467 1955 panxit
497 1875 538 1937 ab
569 1872 652 1953 epici
682 1870 840 1937 sermonis
877 1870 943 1935 fixa
971 1869 1205 1936 consuetudine
1244 1873 1411 1952 permultis

214 1979 363 2044 versibus
391 1984 506 2043 sancta
537 1978 705 2043 discedere
735 1976 893 2057 praetulit
923 1995 1019 2056 quarn
1051 1975 1240 2062 ἠυκνὴμιδες
1271 2014 1312 2023 -
1338 2008 1357 2063 η
1379 1978 1411 2043 iu

212 2083 297 2148 thesi
327 2083 484 2148 collocato
514 2121 553 2129 -
585 2068 756 2147 adhibere:
788 2099 851 2160 quo
883 2086 1075 2162 argumento
1107 2087 1144 2146 ut
1173 2081 1251 2146 mihi
1282 2082 1410 2162 quidem

212 2186 343 2254 videtur
379 2186 501 2253 invicto
540 2185 677 2251 efficitur
713 2186 768 2250 illo
810 2190 957 2267 tempore
992 2187 1115 2252 nullum
1150 2187 1300 2253 extitisse
1335 2171 1410 2253 talis

211 2308 327 2356 versus
358 2290 541 2371 exemplum
572 2290 676 2370 qualis
706 2289 793 2355 inter
823 2309 938 2357 versus
970 2311 991 2356 a
1022 2291 1144 2356 Tzetza
1174 2292 1217 2357 ad
1244 2291 1408 2375 Lycophr.

213 2398 295 2461 1263
320 2414 338 2460 e
362 2396 487 2461 Lesche
511 2399 645 2460 auctore
669 2414 793 2476 parvae
816 2395 930 2462 Iliadis
953 2395 1071 2461 citatos
1094 2396 1250 2461 occurrit:

327 2504 329 2509 ’
447 2521 476 2571 ἐκ
497 2515 522 2569 d*
541 2515 608 2571 ἕλετ’
628 2516 832 2589 Ἀνδρομάχην,
852 2518 977 2582 ηἰῖζωνον
995 2519 1167 2591 παράκοιτιν

438 2600 601 2678 Ἕκτοροςῆ

209 2715 243 2774 et
265 2709 437 2790 Apollonio
461 2707 587 2774 Rhodio
611 2707 733 2774 excidit
754 2709 935 2791 Argonaut.
960 2711 1008 2776 IV
1031 2713 1111 2777 269:

451 2820 496 2866 καὶ
518 2812 648 2883 ποταμὸς
669 2819 776 2882 Τρίτων
795 2816 925 2887 ἠύρροος,
945 2806 967 2885 ᾦ
987 2811 1043 2869 ὕπο
1063 2816 1170 2881 ndum)

207 2904 260 2970 vel
284 2904 412 2984 qualern
440 2902 615 2984 progenuit
643 2903 830 2984 corruptela
860 2905 1010 2970 socordia
1039 2903 1243 2969 librariorum
1274 2906 1394 2973 invect·

207 3007 492 3090 Batrachomyom.
518 3008 596 3072 127:

416 3114 545 3182 θώρηκας
565 3110 591 3162 d·
610 3112 688 3181 εἶχον
707 3113 798 3164 καλῶν
818 3109 980 3184 irrepentem
1002 3114 1061 3167 ιῖπὸ
1083 3117 1195 3186 βυρσῶν

206 3194 413 3283 (heptamet.)
449 3202 484 3262 et
512 3197 607 3262 finxit
637 3197 807 3281 Goettling
840 3200 982 3280 pessima
1017 3201 1204 3268 coniectura
1235 3223 1333 3284 quam
1365 3225 1404 3271 ne

204 3321 384 3370 memorare
416 3300 544 3381 quidem
576 3300 689 3366 debuit
718 3300 889 3369 Kinkelius
918 3302 957 3368 fr.
990 3323 1040 3386 ap.
1071 3324 1119 3388 gr.
1152 3305 1168 3369 Ι
1198 3308 1332 3390 121sq.
1365 3311 1403 3375 ob

203 3406 288 3472 hanc
321 3425 390 3472 rem
424 3405 540 3471 merito
574 3407 793 3488 reprehensus
828 3429 848 3474 a
879 3409 1025 3475 Nauckio
1056 3410 1146 3495 (Mel.
1177 3430 1324 3493 gr.·rom.
1357 3415 1402 3480 ll'

203 3514 266 3577 379
291 3512 366 3577 adn.
390 3510 443 3595 3):

425 3621 524 3685 Φοίβῳ
545 3617 735 3685 claudendam*
755 3618 941 3687 ἤυπλόκνμόν
960 3617 982 3670 τ’
1002 3619 1176 3690 Ἑρίωπινςθ)

201 3704 298 3770 immo
321 3709 437 3785 poetas
465 3704 551 3770 tales
581 3723 697 3773 versus
728 3724 787 3786 pro
811 3704 938 3771 vitiosis
961 3705 1124 3773 hahuisse.
1171 3707 1306 3791 Quanta
1328 3711 1400 3776 reli·

200 3809 297 3892 gione
320 3808 418 3874 etiam
442 3809 650 3891 posteriores
678 3828 812 3890 quorum
837 3827 1034 3891 permanes
1057 3811 1203 3878 carmina
1226 3812 1400 3881 Homerica

199 3913 417 3980 tradebantur
440 3932 520 3982 voce
544 3920 577 3980 et
599 3914 718 3981 litteris
742 3920 943 3999 propagata,
973 3914 1029 4002 ἠυ-
1054 3916 1087 3983 in
1110 3917 1195 3984 thesi
1218 3920 1399 4000 producere

271 4157 290 4222 ¹)
310 4155 421 4209 Franlra
435 4155 469 4209 de
489 4156 627 4209 nominum
641 4156 815 4224 propriorum
829 4156 959 4224 epithetis
972 4158 1117 4213 homericis
1136 4158 1210 4226 (diss.
1226 4160 1343 4232 Gryph.)
1357 4168 1395 4216 23.

270 4247 290 4304 *l
311 4242 393 4297 Mein.
414 4246 465 4297 An.
486 4242 530 4296 Al.
550 4249 583 4296 46
603 4259 642 4311 sq.
661 4245 780 4299 coniecit
798 4244 1023 4318 Ἀνδρομάχειαν
1042 4248 1171 4310 ἐύζωνον.

268 4332 289 4397 ⁸)
307 4329 391 4388 Trad.
411 4333 511 4404 εὔρους
530 4345 551 4387 s.
572 4327 697 4404 ἐΰρροος.
734 4329 796 4384 Νοιι
814 4330 887 4385 male
907 4332 990 4386 Mein.
1010 4335 1174 4408 aripdppooc.

267 4420 289 4484 ⁴)
307 4416 441 4473 Similiter
458 4416 553 4487 Heync
571 4416 693 4485 (Behker
710 4417 743 4470 H.
758 4418 799 4495 Bl.
819 4418 894 4488 121)
912 4419 1022 4487 scripsit
1040 4427 1070 4475 A
1083 4425 1143 4475 421.
1163 4426 1229 4491 ψ81
1252 4425 1394 4496 dispersor

195 4520 245 4573 pro
265 4509 432 4577 εὐηγενέων.
