2940 5026
569 195 843 298 »ur-²

69 393 192 464 Kaibel
206 396 260 475 95,
276 394 333 478 3¹)
357 410 494 476 quocum
517 392 667 458 conferas
690 392 834 476 glossam
857 393 921 460 iam
944 393 1080 460 allatam
1104 413 1144 460 ex
1168 393 1273 479 Hesy-

69 501 141 566 chia
168 496 207 565 οὗ
231 499 351 565 deltam.
377 535 416 545 -—

475 595 490 667 ὅ
510 620 561 656 noo
581 604 634 657 νῦν
653 605 700 658 dni
719 601 858 669 Ληθαῖου

68 694 192 760 Anacr.
216 690 256 757 ir.
284 695 310 771 1,
335 689 389 775 42)
413 707 551 770 quocum
574 709 750 772 componas
774 708 792 756 e
816 689 974 796 Becbtelii
1002 691 1171 758 titulorum
1193 691 1272 757 ioni·

68 817 181 866 corum
212 794 404 862 collectione
439 795 606 878 Τερώναον
635 813 685 861 nr.
717 797 735 860 1
771 800 806 860 et
835 814 920 875 quae
951 801 1030 860 nota
1065 795 1200 861 editoris
1231 796 1273 861 ad

66 906 98 970 b.
121 905 143 970 l.
169 898 338 982 congessit
359 896 406 982 (v.
431 898 602 965 otiamur.
626 901 669 966 54
692 896 878 985 Ἀθηναίης).
904 937 944 946 -

362 1005 399 1072 τῷ
418 1003 463 1056 dcl
487 1003 568 1058 δοκεῖ
584 1018 631 1056 σοι
651 1003 720 1069 δῆτα
739 1004 796 1056 τῶν
814 1002 934 1067 locatim·
954 1003 987 1055 δῖ.

67 1100 125 1163 Ar.
149 1095 229 1162 Pac.
253 1091 351 1177 929³)
375 1089 565 1157 conferatur
587 1108 659 1156 oum
681 1107 781 1158 versu
805 1089 1019 1157 Mnesimachi
1040 1091 1154 1159 cornici
1176 1091 1271 1175 irgm.

68 1205 99 1284 8,
122 1203 164 1266 41
189 1197 226 1264 Π
249 1197 314 1264 438
338 1193 432 1285 Koch

361 1303 458 1371 χηνός,
473 1305 588 1372 101909)
608 1301 684 1371 βοός,
703 1302 802 1374 adpetit,
822 1301 893 1371 ⁰2le
914 1332 944 1341 .-

365 1390 496 1448 πλεκταῖς
515 1387 659 1461 αἳώραιμ)
681 1392 928 1461 ἐμπεπλεγμένην,
950 1392 964 1444 ὁ
984 1390 1016 1444 δέ

72 1479 171 1562 Soph.
194 1477 271 1544 Oed.
299 1474 339 1541 R.
370 1475 455 1540 1264
485 1492 558 1542 cum
588 1473 746 1560 Hesychii
774 1478 887 1561 glossa
917 1475 1070 1565 ἀώρησις·
1103 1481 1269 1566 κρέμασις.

158 1584 234 1650 Cum
257 1581 359 1649 Arist.
383 1579 524 1664 Lysistr.
549 1582 612 1647 988
770 1580 782 1604 ‘

323 1684 379 1739 ont
399 1684 447 1751 τῆς
465 1684 548 1750 idcir,-
567 1687 690 1758 παλαιόρ
709 1707 747 1757 γα
767 1695 814 1742 ναὶ
830 1688 882 1747 ,τὸν
901 1691 1038 1762 Κάστορα

64 1795 236 1861 comparas
259 1791 381 1856 quaeso
406 1771 568 1839 Balbillae
591 1773 710 1841 Kaibel
732 1777 806 1858 992,
830 1780 852 1842 4

405 1885 482 1953 ἱρηες
498 1881 605 1949 μύθων
623 1881 680 1934 τῶν
698 1883 819 1936 maium
838 1883 934 1955 ἴδριες.

63 1968 240 2059 [praetera
250 1969 426 2053 Ἄμμωνος
449 1975 597 2055 κεραῑοϊο
613 1967 731 2034 Kaibel
746 1987 796 2034 nr.
814 1970 887 2050 833,
908 1973 935 2033 l.
955 1968 1131 2052 νΑμμωνος
1146 1975 1268 2053 κεραοῦ

61 2076 104 2141 ib.
129 2076 204 2156 835,
229 2071 288 2162 59]

154 2177 309 2263 Quisquis
333 2182 443 2244 autem
467 2177 590 2263 ποηιής
611 2177 733 2260 (poeto)
765 2177 895 2255 Βοωτός
920 2178 976 2242 ἀεί
993 2174 1108 2243 efferre
1132 2195 1265 2243 cousue-

63 2289 171 2366 varat,
195 2282 244 2349 ita
266 2288 304 2349 ut
332 2281 413 2349 nihil
435 2301 508 2349 cum
531 2282 763 2351 vocabulorum
786 2282 909 2369 βοηθός
932 2280 1029 2368 ὀγδόη
1056 2280 1170 2368 Ὀῆθεν
1192 2302 1265 2365 pro·

63 2387 270 2455 nuntiatione
308 2385 586 2472 discreparent‚⁵)
625 2386 684 2453 sod
721 2385 820 2453 nihilo
859 2387 962 2454 setius
1000 2387 1136 2473 ποιητής
1173 2387 1267 2454 iuxta

135 2581 156 2647 ¹)
176 2577 278 2633 Attulit
297 2577 378 2634 illata
397 2582 524 2647 rucuma
544 2585 575 2633 81
596 2584 652 2633 not.
674 2583 731 2633 loa.

134 2666 155 2733 2)
175 2665 337 2727 ddciaoroic
356 2669 509 2721 Anacreon.
529 2665 563 2720 fr.
582 2670 624 2718 ab.
661 2667 791 2733 ποῖἠσεις
810 2665 844 2720 ir.
864 2672 906 2720 80.

134 2752 156 2820 ⁸)
174 2766 198 2805 v.
218 2756 270 2805 991)
288 2766 326 2820 oq.

305 2839 350 2904 o’i';
369 2846 415 2894 ναὶ
435 2839 477 2909 μὰ
499 2838 548 2892 Δί’.
570 2840 641 2893 otta
661 2842 745 2895 rodtd
763 2841 789 2912 γ’
809 2842 864 2896 ἔστ’
884 2842 1000 2897 Ιωνικὸν

308 2927 340 2981 τὸ
360 2927 433 3002 ῥῆμ’·
776 2995 782 3008 ,

60 3018 103 3072 Do
122 3014 209 3071 dativi
227 3015 309 3070 ionici
328 3015 362 3071 ot·
374 3015 489 3071 ultimae
513 3015 639 3088 syllabae
658 3016 813 3086 quantitate
832 3014 978 3072 edocemur
997 3033 1020 3071 v.
1040 3023 1106 3085 9³⁰3
1124 3031 1206 3085 quam
1226 3018 1261 3070 ob

59 3119 118 3160 ratu
137 3117 186 3159 eos
203 3101 420 3171 improbabimus
438 3105 484 3172 qui
503 3105 536 3160 dt'·
549 3119 584 3158 ex
603 3106 643 3159 o'u
661 3101 842 3173 repetendum
867 3112 1033 3160 censuerunt
1055 3106 1132 3170 (πόλῑ
1161 3107 1259 3171 acrior·

59 3212 92 3238 <
113 3195 192 3246 notu
210 3192 337 3257 soporat).
375 3191 411 3245 o't'·
423 3204 464 3262 er
477 3189 516 3245 oti
537 3192 581 3260 (<
601 3196 655 3262 otft
675 3211 707 3241 <
727 3192 793 3263 dpjtt
811 3192 983 3259 correptione
1003 3199 1105 3247 natam.

131 3280 153 3345 ⁴)
173 3279 273 3350 ἐώραις
291 3283 319 3330 et
337 3276 360 3330 si
379 3291 449 3345 quaa
473 3280 595 3344 cognata
618 3275 752 3331 vocabula
776 3275 873 3332 eodem
898 3275 979 3332 modo
1004 3277 1107 3345 scripta
1130 3279 1158 3332 in
1181 3279 1260 3333 libris

58 3366 192 3433 leguntur
209 3363 405 3418 Graeculorum
432 3363 658 3430 pronuntiatione
683 3363 842 3428 (adiumute
865 3379 953 3431 prata
977 3363 1108 3433 analogia
1134 3365 1261 3421 adiectivi

56 3460 203 3524 μετέωρος
222 3451 333 3519 eiusque
351 3436 551 3519 derivatoruml‘
565 3444 696 3519 corrupta
721 3456 795 3506 recte
817 3451 933 3508 vitiosae
959 3453 1111 3520 scripturae
1137 3455 1261 3523 assignat

58 3537 182 3595 Dindori
201 3539 339 3608 (Sophocl.
364 3538 406 3593 ed.
432 3539 537 3595 Teubn.
560 3540 645 3608 qutiut.
664 3555 691 3606 p.
710 3539 828 3607 119111),
851 3554 886 3594 ne
905 3540 1005 3609 ubique
1024 3539 1211 3610 diphthongus
1231 3564 1259 3596 αι

57 3635 217 3695 reponatur,
237 3641 317 3681 nemo
336 3617 537 3694 deprecabitur.
574 3626 653 3694 Quod
672 3626 867 3695 grammaticos
885 3627 960 3682 velut
980 3626 1157 3683 Eustatbium
1177 3629 1259 3684 libro·

55 3729 116 3768 mm
137 3713 281 3781 scripturis
300 3715 328 3768 in
348 3728 469 3769 errorem
488 3722 593 3769 tructos
611 3714 743 3781 videmus,
764 3714 833 3769 nihil
853 3713 946 3770 refert.

128 3807 150 3869 ⁶)
170 3799 200 3855 Si
225 3801 285 3869 quis
311 3809 408 3856 contra
432 3800 535 3857 dixerit
558 3803 586 3856 in
614 3802 658 3857 his
684 3809 712 3856 et
739 3801 873 3857 similibus
898 3803 991 3872 utique
1017 3801 1137 3856 Graecos
1165 3817 1221 3856 non
1248 3825 1257 3855 ι

56 3892 181 3945 vocalem
202 3887 278 3943 nullo
297 3887 393 3942 relicto
417 3888 533 3957 vestigio
560 3887 692 3943 abiecisse
715 3888 763 3943 sed
786 3888 877 3955 potius
895 3888 953 3958 iuj
970 3902 1118 3942 consonam
1138 3896 1259 3944 mutasse

54 3980 181 4048 (najarae
209 3976 331 4047 ijuzdc
355 3979 444 4042 cett),
477 3974 635 4045 obloquitur
660 3974 755 4042 procul
783 3973 866 4030 dubio
893 3974 981 4029 invita
1007 3973 1139 4030 Minerva.
1184 3975 1256 4032 Nanr

54 4073 168 4133 praeter
186 4064 326 4118 Romanos
346 4063 432 4135 (phata
447 4066 552 4134 paruo)
576 4071 661 4117 testes
686 4062 916 4130 locupletissimos
940 4060 1023 4118 fidem
1048 4061 1125 4118 addit
1145 4064 1258 4121 Graecis
1282 4084 1286 4092 ·

54 4168 139 4208 onon
165 4153 268 4219 scripto
294 4174 304 4204 ι
330 4163 380 4206 noo
406 4151 614 4220 pronuntiatum
641 4165 702 4205 esse
729 4148 915 4204 indicantibus
944 4149 996 4206 dea
1020 4151 1069 4206 illa
1097 4169 1146 4208 suo
1174 4153 1259 4220 ipsios

54 4241 164 4296 nomina
191 4241 336 4307 (Ἀθηναία
355 4258 388 4286 >
407 4240 533 4306 utquam
551 4260 584 4289 >
605 4241 728 4305 Ἀθηνᾶ).
766 4238 891 4299 Βοιωτός
917 4238 1120 4308 diphthongum
1146 4241 1258 4308 corripit

53 4326 183 4396 Sophocl.
208 4325 243 4380 ir.
262 4332 323 4392 881,
344 4333 366 4392 1,
385 4324 542 4395 Bacchylid.
562 4325 595 4380 fr.
615 4330 658 4394 98,
677 4330 692 4377 9
718 4324 746 4378 in
769 4324 891 4380 carmine
917 4326 994 4394 puris
1018 4326 1157 4384 trochaeis
1183 4343 1255 4383 com·

51 4415 199 4484 prehenso,
218 4414 291 4482 quod
305 4413 450 4468 Horatium
470 4428 553 4467 carm.
567 4413 593 4466 ll
615 4419 645 4467 18
664 4418 693 4467 et
705 4414 863 4480 argumenti
882 4421 910 4468 et
922 4413 1113 4471 observantiae
1127 4415 1257 4470 metricae

53 4502 211 4557 imitatione
239 4500 406 4568 expressisse
431 4497 737 4568 bleinakeiutallexit,
765 4503 811 4555 Ar.
840 4501 908 4557 Acb.
935 4507 990 4555 tuo.
1018 4508 1068 4554 900
1094 4503 1140 4570 qui
1163 4517 1256 4556 versus
