2956 5018
704 213 939 279 -lae-

226 404 265 469 In
303 403 438 470 eundem
478 402 605 468 modum
644 403 826 486 Aeschylus
867 404 1031 487 μαρτύρια
1071 403 1211 489 νηφάλια
1252 405 1412 489 τυμβὸχοα

227 506 396 594 ἀμφότερα
427 507 619 593 ἐγγύταται)
650 507 824 590 noandum
853 508 892 572 fr.
926 510 1004 589 119,
1035 513 1054 574 4
1092 507 1167 573 τάπὶ
1199 508 1275 573 τάδε
1305 507 1412 590 Suppl.

227 615 289 679 249
312 612 386 690 τοὺς
408 613 623 697 ὑπερέχοντας
646 614 753 678 Prom.
770 612 867 696 216²)
884 612 1059 693 Sophocles
1076 612 1210 696 οὐράνια
1227 612 1282 698 (fr.
1295 616 1369 694 399,
1380 613 1413 697 3)

227 718 404 800 Εὐμενίδας
438 719 573 805 ἐντάφια
606 717 876 803 (Νεοπτόλεμε)3)
907 717 1106 804 ναοφύλακες
1134 718 1174 783 fr.
1202 722 1281 800 143,
1315 723 1331 783 1
1364 716 1415 783 τὸν

227 824 351 906 πατέρα
376 822 442 887 OR.
462 825 545 887 1496
561 821 735 903 Euripides
760 822 806 907 (in
822 825 842 886 4
858 827 957 908 trag.)
981 821 1207 904 Ἠλεκτρυόνος
1230 825 1300 888 Alc.
1319 824 1414 908 839⁴)

225 927 336 994 versui
368 927 416 992 ita
446 928 744 1009 accommodarunt,
781 933 817 994 ut
849 929 993 1011 syllabas
1032 949 1052 993 a
1088 930 1187 1012 longa
1221 930 1353 995 tertiam
1384 936 1416 995 et

226 1037 375 1112 quartam
407 1030 634 1116 (anoni-pra),
665 1051 729 1096 non
760 1031 939 1112 proximam
970 1038 1005 1097 et
1033 1033 1162 1098 tertiam
1187 1034 1415 1126 (μαρ-νύρια)

226 1136 419 1202 adhiberent
452 1156 510 1218 pro
541 1138 617 1203 arsi.
663 1137 789 1201 Vitiosa
824 1142 899 1201 sunt
931 1137 1114 1218 Εὐρύσακες
1144 1137 1241 1220 Soph.
1273 1143 1325 1208 Ai.
1353 1149 1416 1212 340

226 1239 453 1322 Νεοπτρλεμος
476 1241 612 1306 Philuct.
631 1240 730 1327 241⁵)
755 1241 886 1326 ὸειρᾴδα
911 1270 944 1306 τε
967 1242 1103 1307 Philoct.
1119 1246 1181 1309 491
1207 1245 1276 1331 (ci.)
1301 1251 1416 1329 quibus

226 1346 386 1411 accedunt
415 1363 456 1409 ex
485 1343 652 1426 Euripidis
682 1343 799 1409 fabulis
830 1345 1064 1410 recentioribus
1097 1349 1140 1424 εἰς
1175 1350 1287 1433 πατέρ’
1318 1353 1413 1419 Herc.

225 1450 286 1516 fur.
310 1454 351 1517 63
383 1449 441 1515 τὸν
469 1447 586 1535 χρᾷνον
615 1450 771 1515 Ιο11.828
803 1449 1030 1532 μαντευόμεθα
1064 1452 1136 1516 Hel.
1168 1455 1231 1519 ’1113
1263 1457 1308 1533 εἰς
1338 1460 1416 1540 μιάν

225 1556 286 1619 267
313 1553 524 1639 εἱλισσόμεθα
549 1555 603 1620 Or.
627 1558 692 1619 444
722 1553 825 1636 οὐκέτι
848 1556 918 1636 Iph.
943 1556 1016 1620 Aul.
1047 1560 1111 1621 3114
1136 1558 1327 1644 ψευδρμεθα
1353 1567 1415 1628 846

225 1656 388 1742 Ἀρτέμιδι
412 1664 474 1726 883
499 1659 691 1744 τάντίπαλα
715 1661 833 1725 ΒοοοΙ1.
857 1663 930 1726 278.
976 1662 1015 1725 In
1038 1662 1241 1729 Philoctetae
1264 1667 1414 1733 versibus

225 1763 333 1843 paullo
366 1764 593 1848 neglegentius
625 1763 721 1829 factis
756 1764 850 1829 facile
885 1764 990 1829 fertur
1019 1766 1103 1845 quod
1134 1767 1219 1833 idem
1248 1769 1283 1834 in
1314 1772 1416 1838 Aiace

225 1869 346 1950 aliquid
369 1875 501 1935 moveat
515 1869 712 1949 offensionis3
736 1869 798 1934 nisi
820 1870 905 1935 forte
920 1876 1018 1951 poeta
1042 1891 1138 1938 versu
1154 1874 1305 1964 boentius
1329 1877 1415 1943 facto

224 1979 258 2039 et
295 1974 337 2039 ad
375 1973 560 2039 melicarum
599 1973 739 2055 partium
776 1973 961 2039 hbertatem
1004 1977 1178 2042 accedente
1217 1981 1415 2047 concitatum

224 2077 322 2144 animi
345 2083 466 2144 motum
489 2078 666 2160 depingere
690 2077 801 2160 voluit,

488 2205 509 2255 ὥ
528 2222 580 2270 μοι
599 2201 706 2254 τάλαιν’
725 2202 897 2274 Εὕριῖσακες,
916 2204 993 2272 α’μαὶ
1014 2211 1059 2255 σοὶ
1079 2206 1141 2274 βοᾷ.

311 2308 414 2392 Quam
437 2328 502 2373 non
525 2307 568 2373 sit
590 2313 670 2389 apta
692 2307 770 2373 ictui
797 2307 981 2389 recipiendo
1010 2310 1136 2391 syllaba
1163 2312 1273 2379 brevis
1296 2313 1414 2397 longae

224 2413 422 2496 conhnuata,
454 2420 593 2496 apparet
615 2420 652 2480 ut
674 2433 737 2479 non
761 2414 864 2495 possit
886 2413 1088 2479 manifestius
1110 2415 1185 2481 inde
1209 2419 1296 2498 qnod
1321 2440 1414 2486 voca-

223 2518 299 2583 bula
321 2519 416 2584 huius
439 2538 626 2585 mensurae:
659 2519 795 2604 unqe..)
826 2519 878 2587 vel
909 2520 950 2583 ab
981 2519 1112 2584 exordio
1140 2520 1280 2588 trimetri
1304 2525 1415 2605 procul

223 2623 393 2708 habentur,
417 2643 488 2691 cum
506 2621 663 2710 ἅμα...)
687 2625 799 2690 eodem
822 2623 892 2688 loco
916 2624 1109 2704 ahquotiens
1131 2626 1308 2693 admissum
1332 2629 1414 2715 sith)

297 2850 314 2916 ¹)
333 2849 425 2918 Enger
443 2856 502 2906 446.
522 2853 550 2909 ἐς
569 2869 595 2905 τε
616 2851 793 2917 Μακεδόνων
810 2850 884 2907 Pers.
898 2857 949 2903 490
966 2852 1144 2919 (θαυμάσρον
1163 2852 1322 2907 Archiloch.
1337 2859 1379 2920 14,
1391 2860 1414 2911 2.

226 2938 355 3005 imityos
377 2940 446 3005 101).

294 3029 314 3085 ²)
332 3022 414 3077 Aliud
438 3038 497 3078 esse
523 3025 711 3098 ὑπερέχοντας
739 3024 812 3092 quod
840 3024 875 3078 ab
903 3026 1031 3096 Aeschyli
1055 3031 1116 3081 arte
1140 3027 1234 3093 procul
1260 3028 1344 3082 dubio
1369 3028 1413 3084 ab·

223 3111 325 3177 horret,
346 3109 422 3163 aliud
440 3111 504 3172 τοὺς
519 3114 708 3186 ὑπερέχοντας
726 3128 780 3165 non
794 3113 991 3167 intellexerunt
1010 3115 1055 3181 qni
1068 3115 1249 3183 patrocinium
1269 3132 1413 3184 suscepere

222 3197 393 3251 coniecturae
411 3198 597 3254 Porsonienae
624 3202 813 3271 ὑπερσχόντας
838 3218 893 3254 non
917 3203 1020 3257 inutilis
1045 3203 1124 3257 modo
1152 3219 1244 3258 verum
1272 3219 1307 3258 ne
1333 3220 1413 3260 sensu

222 3285 330 3353 quidem
348 3289 565 3358 commendatae,
582 3291 658 3345 velut
670 3292 763 3345 Christ
775 3291 891 3345 Metrik²
904 3295 953 3342 394
968 3291 1014 3357 (5).
1033 3291 1096 3344 Non
1109 3289 1277 3358 persuadent
1291 3292 1414 3346 Wunder

222 3371 335 3455 adrers3
346 3374 374 3427 in
392 3375 507 3433 Philoct.
526 3384 558 3431 34
577 3394 634 3447 sqq.
654 3388 682 3434 et
700 3379 777 3434 Wolf
794 3386 809 3431 8
828 3395 885 3446 sqq.
922 3377 1094 3444 Quamquam
1120 3378 1191 3431 enim
1215 3386 1314 3445 poetas
1341 3381 1412 3436 clau·

221 3461 309 3514 sulam
326 3445 433 3515 oe‘r-u-
451 3465 479 3518 in
504 3469 658 3522 universum
683 3469 772 3523 minus
796 3466 926 3536 probasse
952 3474 1056 3519 certum
1084 3474 1140 3531 est,
1165 3474 1256 3520 tamen
1281 3478 1414 3538 quotquot

221 3550 302 3604 huius
320 3552 447 3608 licentiae
472 3556 597 3625 exempla
621 3561 718 3611 extant
745 3558 872 3611 continuo
900 3554 1032 3609 damnare
1056 3553 1125 3607 velle
1148 3554 1308 3608 iniustnmst
1331 3565 1413 3625 atque

220 3637 392 3709 imprudens;
423 3657 472 3696 uec
496 3650 560 3697 sunt
582 3643 762 3712 probabiliter
788 3642 944 3710 excogitate
971 3656 1041 3707 quae
1060 3639 1096 3693 ed
1113 3639 1257 3695 tutandam
1279 3642 1413 3697 Wunderi

221 3727 374 3792 opinionem
393 3726 543 3796 disputarit
562 3730 641 3784 Wolf
656 3731 674 3784 l.
694 3732 712 3786 l.
731 3737 758 3786 et
777 3737 809 3783 25
829 3744 866 3796 sq.
887 3735 928 3781 21.

292 3814 311 3881 ⁸)
331 3813 464 3870 Saelinshi
483 3824 507 3871 9.
535 3818 645 3885 Philipp
664 3824 704 3872 25.
736 3820 796 3873 Non
817 3817 956 3872 adsentior
977 3815 1076 3870 Wolfio
1099 3821 1129 3868 13
1147 3831 1185 3883 sq.
1205 3815 1411 3872 iniustissimam

221 3901 300 3954 crisin
328 3904 473 3958 exercenti.
511 3903 568 3958 ΟΒ.
601 3910 650 3957 llll
680 3911 718 3964 εἰς
746 3907 853 3974 ἄβατον
882 3908 948 3978 ὄρος
967 3902 1077 3958 defendi
1104 3918 1183 3970 posse
1210 3920 1227 3957 a
1254 3907 1413 3960 coniectura

220 3988 299 4057 volgo
324 3997 434 4058 recepte
458 3993 565 4060 ἄβατον
588 3997 627 4052 εἰς
651 3994 715 4065 ὄρος
738 3994 804 4046 mihi
830 4009 880 4061 pro
906 4000 982 4047 certo
1009 4003 1064 4060 est,
1092 3991 1126 4044 cf.
1152 3991 1288 4046 Saelinski
1309 3999 1341 4046 lt
1369 3992 1412 4060 qui

220 4082 313 4129 tamen
331 4092 427 4144 parum
448 4077 568 4131 attendit
586 4084 625 4138 εἰς
644 4081 751 4146 ἄβατον
771 4084 836 4150 ὄρος
853 4082 921 4135 nihil
940 4097 1051 4149 prorsus
1071 4081 1226 4149 discrepare
1244 4097 1305 4137 cum
1325 4085 1412 4153 epyt-

220 4182 288 4230 τατα
307 4163 404 4220 Aesch.
427 4162 522 4231 Suppl.
541 4169 600 4222 913.

289 4252 310 4317 ⁴)
329 4253 399 4323 πρός
419 4268 450 4306 σε
470 4255 600 4322 γονάτων
619 4253 691 4311 Med.
711 4260 770 4308 324.

290 4342 310 4404 ⁵)
328 4339 463 4393 Szelinshi
484 4347 522 4394 15.

289 4427 310 4493 ⁶)
329 4427 515 4497 πεδιονόμοις
545 4431 779 4501 λιπαροθρόνοισι
811 4430 881 4504 πρὸς
912 4435 1002 4504 ἔρυμα
1033 4432 1151 4485 ιίνόσιον
1183 4431 1302 4500 Rumpe}
1332 4433 1410 4488 XXV

220 4518 252 4564 56
271 4528 309 4580 sq.
346 4513 480 4567 Saeliuski
502 4520 523 4567 l.
551 4516 662 4582 Philipp
681 4522 722 4572 24.
753 4517 829 4570 Wolf
849 4525 886 4571 ll.

1327 4627 1328 4631 ’
1338 4633 1354 4665 Ι
