2986 5010
559 212 793 275 —349-

164 401 209 465 At
241 398 371 479 obloqui
404 399 536 464 videtur
568 399 639 480 ipse
670 399 832 465 Homerus
856 408 886 466 Β
915 404 978 466 769
1009 401 1140 487 (μήνιε).
1191 403 1272 467 Con-

73 505 233 582 cederem
265 504 360 568 modo
383 522 424 568 ne
448 509 574 584 septem
597 502 669 567 aliis
697 503 809 587 locis¹)
833 505 874 570 de
897 505 1030 587 genuini
1053 507 1188 571 Homeri
1211 526 1272 572 usu

76 605 213 694 (μηνὶω)
248 607 330 670 satis
364 625 526 687 superque
557 612 725 671 constaret
760 646 799 653 -
830 608 915 672 adde
950 608 1122 674 Simonidis
1156 608 1271 690 pavia

75 712 115 776 fr.
139 713 182 774 bl)
205 710 262 773 B.>²
289 748 328 754 —
353 716 387 774 et
410 716 440 774 Β
461 713 524 775 709
548 720 637 775 esset
658 711 691 775 in
715 718 809 792 parte
833 713 903 778 sine
927 714 1024 778 dubio
1048 714 1188 779 recentis
1212 715 1272 778 ori·

74 815 160 896 ginis
183 832 266 893 quae
291 812 461 892 postmodo
484 812 616 878 navium
641 813 791 896 catalogo
815 815 926 879 afficta
949 816 1044 894 cst.²)
1079 816 1164 899 Quid
1188 819 1273 897 quod

76 938 192 986 versus
223 919 287 981 769
316 936 362 994 sq.
393 915 517 980 recenti
547 917 609 980 hac
639 923 733 997 parte
764 917 817 984 vel
849 919 1048 982 recentiores
1078 938 1168 998 esse,
1200 931 1274 1000 post

75 1021 242 1102 Euripidis
277 1021 405 1085 dentum
434 1022 584 1085 'aetatem
617 1020 850 1100 interpolatos,
890 1021 930 1085 de
965 1023 1145 1102 posteriore
1180 1027 1272 1107 (770)

74 1132 167 1190 certa
190 1123 475 1206 argumentatione
500 1123 725 1203 demonstrari,
754 1124 794 1188 de
818 1143 916 1192 versu
940 1126 1156 1192 antecedente
1180 1131 1273 1210 (779)

74 1248 289 1310 magnacum
314 1226 543 1308 probabilitate
572 1226 673 1291 conici
701 1233 821 1307 potest.
867 1229 949 1293 Nam
981 1229 1035 1308 qui
1055 1250 1137 1295 oum
1161 1233 1273 1297 Musas

74 1331 331 1413 interrogaverit
356 1334 402 1408 τίς
424 1333 451 1394 τ’
476 1330 516 1413 ι’λρ
541 1337 603 1396 τῶν
630 1330 680 1415 ὄχ’
705 1333 838 1415 ἄριστος
860 1334 925 1417 ἔην,
951 1333 1056 1398 αὐτῶν
1080 1333 1134 1419 ἠδ’
1159 1340 1271 1415 ἵππων,

76 1442 108 1502 oi
131 1437 185 1519 ἅμ’
210 1436 409 1525 {troezenae
433 1439 548 1500 ἕποντο
572 1433 648 1514 (761
674 1437 755 1519 stu),
787 1435 911 1500 deabus
939 1437 1030 1502 velut
1054 1439 1155 1503 verba
1179 1459 1271 1520 prae·

75 1540 225 1606 euntibus
259 1578 296 1584 —
330 1545 427 1620 poeta
458 1540 543 1606 enim
568 1540 737 1604 Μουσάων
767 1539 936 1626 ὑποφήτης
970 1542 1095 1607 —sibi
1121 1542 1191 1623 ipse
1222 1564 1268 1608 re·

73 1643 207 1725 spondit
228 1643 278 1707 lris
301 1643 450 1708 versibus

317 1760 403 1808 ἵπποι
422 1759 478 1823 μὲν
497 1755 562 1824 μέγ’
582 1758 697 1827 ἄρισται
717 1759 785 1808 ἔσαν
804 1757 988 1829 Φςρριιιὶδαο

317 1843 368 1902 τὰς
387 1846 521 1913 Ἐὔμηλος
541 1848 637 1897 ε’λαυνε
659 1844 805 1900 ποδώκεας
824 1847 944 1910 ὄρνιθας
963 1838 1010 1903 ὥς,

319 1933 430 2000 ὄτριχας
451 1936 567 1991 ολίιεας,
586 1934 711 2004 σιαιρύλρ
732 1936 777 1984 εἰει
799 1933 891 1983 νῶτον
910 1938 994 1989 ἐίσας·

319 2017 367 2077 ιιλς
388 2023 419 2070 ἐν
438 2023 542 2089 Πιερίῃ
564 2017 649 2085 θρέψ’
669 2020 860 2088 ιλργορόιοξος
880 2020 1019 2070 Ἀπόλλων

318 2108 407 2172 ιῖμριο
428 2109 549 2168 θηλείας,
569 2107 662 2172 godor
678 2109 774 2175 Ἄρρος
794 2106 966 2176 ᾳορεοιίσας,

73 2212 128 2278 vix
161 2211 275 2291 potuit,
307 2210 335 2274 si
364 2210 492 2275 omnino
523 2230 603 2274 sano
635 2211 789 2274 utebatur
815 2208 951 2287 iudicio,
983 2208 1015 2272 in
1046 2209 1109 2272 line
1140 2209 1270 2272 adicere

73 2314 189 2395 quilms
213 2334 409 2396 praegressa
432 2316 529 2396 plane
553 2319 822 2395 perverterentur
844 2312 1038 2392 necopinato

318 2439 431 2504 α’νιλρών
451 2435 485 2488 αὖ
504 2436 569 2505 μέγ’
590 2438 705 2507 ιῖρισιος
725 2438 772 2498 ἔην
793 2433 970 2499 Τελαμώνιος
990 2436 1064 2489 Αἴας

316 2523 381 2593 ὄφρ’
402 2522 521 2592 Ἀχιλεὺς
541 2523 650 2586 ,αρ’νῖεν·
672 2519 688 2573 ὃ
707 2517 762 2590 γὰρ
784 2518 854 2571 notu
874 2525 1013 2587 φέρτατος·
1032 2515 1081 2581 ἦεν

317 2613 420 2662 innoc
444 2609 471 2661 θ’
491 2612 523 2661 o‘t'
541 2613 735 2678 cogitator
754 2607 919 2674 ιλμύμονα
938 2605 1129 2669 Πηλεΐωνα.
1221 2610 1270 2655 tto

73 2712 224 2792 Augetur
247 2710 341 2775 buius
365 2729 480 2777 versus
497 2711 590 2794 (770)
614 2716 828 2792 praepostere
852 2710 1002 2776 collocati
1019 2729 1059 2775 ea
1083 2728 1269 2790 quoquere

72 2813 332 2895 incommoditas,
364 2815 450 2894 quod
473 2833 515 2879 ne
538 2815 697 2897 syllabam
727 2814 856 2894 quidem
884 2814 925 2878 de
949 2814 1084 2879 Achillis
1113 2833 1269 2894 equorum

71 2917 169 2982 laude
203 2917 357 2999 legimus,
393 2937 465 2983 cum
500 2918 656 2999 prolixior
690 2917 790 2984 fuerit
824 2923 921 2999 poeta
951 2917 984 2981 in
1016 2917 1144 2983 Eumeli
1178 2918 1270 2998 equis

72 3019 300 3111 praedicandis
334 3040 416 3102 quas
454 3021 554 3087 multo
589 3022 652 3087 illis
689 3023 860 3088 inferiores
895 3021 995 3087 fuisse
1030 3021 1128 3087 nihilo
1167 3021 1269 3087 setius

73 3143 170 3191 versu
205 3127 268 3188 770
302 3124 436 3189 credere
466 3125 629 3191 iubemur:
665 3146 740 3192 nam
773 3127 853 3193 noti
889 3129 1050 3214 φέρτατος
1081 3129 1144 3192 769
1180 3127 1270 3193 valet

72 3230 170 3294 etiam
194 3229 234 3294 de
258 3229 349 3310 equus
373 3232 446 3295 770.
481 3229 594 3310 Neque
618 3229 698 3311 legit
720 3230 806 3295 hunc
829 3250 960 3298 versum
985 3230 1077 3312 (770)
1094 3229 1270 3310 Euripides

72 3333 501 3415 mmmmm

472 3446 521 3501 ror
539 3448 681 3516 ἰσάνεμόν
700 3466 730 3502 ιε
750 3447 853 3501 ποδοῖν

473 3533 709 3605 λαιψηροδρόμον
727 3536 836 3603 Ἀχιλῆα

473 3619 552 3672 εἶδον
572 3622 724 3687 αἰγιαλοῖσι
1218 3622 1269 3670 210

71 3757 195 3824 reptioue
220 3757 311 3811 nescio
336 3772 391 3826 qua
415 3765 514 3824 poetae
542 3758 653 3812 licentia
680 3756 802 3812 admissa
829 3758 952 3826 cogitare
977 3756 1020 3824 (cf.
1049 3761 1064 3808 0
1097 3755 1268 3826 ἶοχεαιραῖ).

69 3843 227 3911 putidum
247 3842 339 3910 Bergk
361 3844 419 3896 sine
445 3858 529 3897 causa
554 3843 660 3898 idonea.
680 3844 852 3897 -Dubium
875 3852 918 3898 eet
941 3847 1089 3908 α’νακηκεει
1116 3841 1148 3895 fr.
1170 3843 1268 3896 185B⁴.

143 3936 162 3987 'l
179 3935 209 3983 A
226 3935 284 3983 att.
309 3934 367 3983 422.
391 3935 450 3984 tea.
482 3936 512 3983 M
531 3935 570 3983 10.
600 3935 630 3983 Ν
647 3936 707 3984 160.
734 3936 762 3984 Σ
777 3935 836 3983 257.
864 3951 880 4000 ρ
903 3937 941 3984 lt.
978 3928 1062 3984 Vides
1085 3945 1168 3997 quam
1195 3938 1269 3982 recte

70 4031 172 4070 morem
190 4017 325 4083 gesserint
343 4017 393 4069 viri
412 4016 484 4070 docti
503 4016 663 4071 Thierschio
686 4017 756 4071 haec
778 4018 927 4072 statuenti:
952 4020 1052 4087 ‘purte
1076 4016 1142 4084 lang
1165 4023 1188 4071 Β
1209 4021 1268 4079 tte.

70 4103 138 4157 aber
157 4103 242 4157 durch
262 4104 306 4157 die
324 4102 407 4157 Kraft
426 4102 474 4157 des
494 4111 518 4157 t.
537 4104 637 4157 Furses
656 4103 772 4170 gokurzt
790 4109 820 4158 A
837 4104 897 4156 rtt’
917 4104 975 4167 (Gr.
995 4103 1090 4173 (1νῇ
1111 4110 1168 4171 ltu,
1187 4104 1226 4170 bll

142 4195 161 4255 ¹]
183 4197 204 4244 Β
226 4196 362 4245 too-tte
381 4190 522 4246 damnauit
540 4190 671 4245 Kummer
697 4192 753 4244 Zur
778 4191 881 4244 homer.
901 4191 1023 4257 Fregel
1048 4197 1080 4244 92
1099 4207 1156 4260 sqq.
1175 4206 1268 4246 assen-

69 4277 155 4331 tiente
174 4278 331 4332 Duentzero
350 4278 429 4332 Hom.
449 4276 519 4330 Abh.
539 4281 598 4329 233,
622 4306 650 4314 -
669 4275 790 4346 periero
815 4276 841 4329 h.
861 4276 888 4330 h.
909 4278 970 4331 Cer.
988 4281 1039 4330 att
1058 4293 1092 4331 ex
1111 4278 1268 4332 coniectura

69 4364 196 4418 scribitur
213 4364 300 4432 (codd.
319 4374 462 4436 μηιισιιο)
486 4378 557 4432 quae
582 4364 664 4418 etiam
691 4365 713 4417 si
738 4379 803 4418 vera
828 4372 870 4417 ert
888 4363 922 4418 de
941 4363 1053 4419 Homeri
1072 4365 1267 4420 consuetudine

69 4451 137 4506 nihil
158 4452 275 4520 probare
294 4458 394 4518 potest.
